2437 3299
231 154 286 198 12

229 273 403 303 sensum
443 257 649 301 librorum
694 254 746 296 ad
792 258 1093 310 praeceptum,
1143 254 1256 311 quod
1296 256 1526 312 proposui,
1563 255 1898 300 confirmandum
1939 257 2113 311 idonei,
2159 255 2235 300 sed

230 323 355 366 etiam
397 319 474 363 tuti
518 316 569 361 ab
616 314 824 360 editorum
867 314 1082 372 religione
1123 315 1372 372 videantur,
1412 316 1521 361 alios
1562 318 1704 376 inepta
1737 317 1811 362 vel
1850 317 2124 362 librariorum
2162 317 2236 362 vel

229 385 505 439 interpretum
559 378 776 421 temeritas
830 378 1045 434 corrupit,
1107 379 1179 435 qui
1235 380 1278 422 in
1340 378 1576 435 hujusmodi
1628 379 1752 423 dictis
1813 381 2087 436 negationem
2128 393 2238 424 ‚cum

230 443 366 488 verbo
438 441 552 484 finito
588 441 783 497 potius,
856 452 980 497 quam
1044 439 1254 485 infinitivo
1312 443 1499 499 jungere
1570 440 1785 486 volebant.
1890 441 1938 486 In
2002 455 2085 500 quo
2153 455 2239 487 non

228 504 640 557 animadverterunt«,
691 502 965 558 negationem
1014 515 1102 546 non
1149 503 1383 559 infinitivo,
1427 506 1496 548 cui
1546 504 1804 548 antecedere
1860 504 2109 558 videretur,
2163 504 2240 549 sed

226 566 466 626 pronomini
511 563 698 608 relativo
747 576 860 606 vooe
913 565 1130 622 conjungi.
1213 565 1268 609 Ut
1317 564 1405 610 Cic.
1454 566 1507 610 de
1557 566 1741 611 Divinat.
1783 564 1827 621 I,
1879 566 1918 610 7.
1991 565 2137 623 „Nihil
2180 569 2244 610 est

226 633 384 682 anteon,
440 628 552 684 quod
583 640 682 670 vuon
731 626 1017 683 lonqinquitas
1068 631 1318 684 temporum,
1373 632 1610 686 excipiente
1658 631 1876 683 meritoria,
1932 629 2241 685 prodendisque

226 691 519 743 monumentis,
560 690 728 746 efficere
777 692 906 746 atque
964 692 1134 747 assequi
1189 691 1365 747 posestss
1459 690 1634 736 Plurimi
1686 690 1786 736 libri
1844 690 1954 735 hanc
2009 691 2241 735 lectionem

227 754 441 807 vulgatam
467 751 645 803 habent3
679 750 759 793 sed
792 750 1047 805 Ernestius,
1082 751 1262 794 aliorum
1299 754 1550 796 auctoritate
1581 753 1743 808 fretus,
1777 753 1948 809 assequi
1980 765 2063 795 non
2087 754 2240 809 possit,

226 813 410 872 scripsit,
441 818 673 871 propterea
705 810 820 870 quod
852 811 936 857 hoc
965 813 1155 857 usitatius
1187 819 1304 858 esset
1333 819 1458 871 atque
1496 815 1747 871 elegantius.
1798 813 1885 859 Sed
1919 813 1972 858 de
2007 828 2087 859 usu
2117 814 2240 871 plura

223 877 455 934 proposui;
489 875 748 931 elegantiam
780 888 891 918 vero
924 875 968 918 in
999 888 1054 917 eo
1085 888 1330 930 agnoscere
1365 889 1505 932 neque
1536 890 1759 933 possumus
1791 890 1873 920 nec
1910 875 2120 920 volumus.
2175 873 2238 919 Cf.

224 937 461 993 Wopkens.
502 936 618 978 Lect.
671 935 850 978 Tullian.
891 949 963 992 pg.
1005 934 1108 977 321.
1150 934 1312 978 Caesar
1355 935 1409 977 de
1451 936 1558 979 Bell.
1599 937 1746 981 Gallic.
1779 938 1852 993 IV,
1888 939 1926 980 7.
1958 939 1997 980 7.
2036 938 2238 994 reliquum

218 999 385 1058 quidem
421 1000 470 1042 iu
510 999 639 1042 terrie
685 1012 778 1048 esse
808 999 1024 1052 neminem,
1064 1011 1182 1054 quem
1228 1012 1311 1042 uon
1355 1012 1561 1055 superare
1602 1003 1776 1054 possint.
1840 1000 1963 1044 Hunc
2004 999 2237 1043 verborum

219 1060 419 1104 ordinem
449 1066 493 1102 et
520 1059 854 1116 vOudendorpius
888 1065 1028 1101 tuetur
1055 1064 1098 1101 et
1129 1058 1437 1114 Schneiderus,
1476 1061 1547 1117 qui
1576 1060 1654 1103 hac
1689 1060 1741 1103 de
1779 1074 1828 1104 re
1863 1062 2017 1118 optime
2050 1060 2238 1119 disputat.

225 1122 484 1180 Quamquam
519 1120 623 1165 libri
663 1121 855 1165 nonnulli
897 1134 1127 1177 „superare
1171 1135 1254 1164 nou
1293 1122 1485 1178 poesiut“
1520 1121 1685 1165 habent.
1758 1121 1862 1165 Item
1894 1122 1982 1165 Cic.
2014 1122 2238 1167 Tusculan.

223 1184 304 1241 III,
349 1183 432 1240 16,
474 1182 546 1227 34.
623 1184 742 1227 Nihil
787 1196 900 1237 esse,
944 1182 1056 1240 quod
1102 1184 1296 1227 accidere
1348 1196 1432 1227 nou
1476 1185 1616 1241 possit
1663 1183 1916 1240 Dawesius,
1975 1184 2241 1242 Tregderus,

223 1248 438 1301 Moserus,
470 1246 664 1290 Klotzius
695 1246 959 1301 (Nachtrdye
990 1245 1077 1289 und
1101 1245 1456 1302 Berichtigunqeu
1488 1260 1554 1303 pg.
1595 1245 1703 1301 134)
1749 1253 2009 1303 receperunt
2051 1261 2108 1290 ex
2149 1246 2242 1290 cod.

223 1309 332 1367 Reg.
361 1309 399 1352 1.
424 1336 477 1340 -
514 1307 725 1353 Omissam
761 1313 897 1352 autem
930 1309 973 1350 in
1002 1306 1123 1352 libris
1158 1321 1257 1352 esse
1299 1322 1429 1366 saepe
1458 1309 1748 1365 negationem,
1783 1307 1972 1354 Orellius
2006 1308 2059 1353 ad
2079 1307 2167 1352 Cic.
2190 1308 2243 1353 ad

223 1372 321 1416 Div.
352 1371 405 1426 II,
436 1371 523 1426 15,
560 1370 646 1426 XI,
678 1370 759 1425 20,
794 1370 887 1425 XV,
918 1370 961 1424 4,
999 1367 1057 1413 12
1084 1376 1191 1424 etc.·‚
1231 1370 1457 1415 Lambinus
1491 1370 1709 1415 Emendat.
1744 1371 1924 1415 Tullian.
1957 1386 2026 1429 pg.
2060 1373 2104 1426 5,
2136 1371 2242 1426 441,

220 1435 331 1490 475,
366 1433 474 1491 532,
508 1432 623 1487 5333
653 1431 810 1490 Zumpt.
842 1432 894 1476 ad
933 1431 1104 1476 Verrin.
1137 1430 1224 1476 Ind.
1261 1439 1346 1477 not.
1378 1446 1409 1478 s.
1444 1447 1484 1477 v.
1528 1447 1610 1478 nou
1641 1433 1808 1478 docent.
1872 1433 1990 1487 Quae
2032 1447 2157 1493 quum
2187 1434 2243 1478 ita

224 1499 323 1553 sint,
367 1511 463 1541 cum
495 1497 711 1554 Bygomio
749 1495 957 1552 Krarupio
993 1494 1219 1539 Observat.
1244 1494 1345 1539 Crit.
1383 1510 1451 1553 pg.
1484 1496 1524 1538 4.
1562 1497 1718 1554 „quin“
1757 1498 1985 1553 corrigere
2018 1511 2104 1539 non
2137 1510 2242 1554 opus

224 1566 307 1617 est,
347 1560 543 1619 quamvis
577 1557 817 1616 Madvigius
857 1556 1011 1616 Opuse.
1040 1556 1087 1601 T.
1121 1556 1151 1601 Ι.
1177 1571 1246 1616 pg.
1283 1556 1372 1604 143
1397 1559 1533 1603 amico
1571 1561 1624 1604 sit
1654 1572 1869 1604 assensus.
1935 1588 1936 1591 =

413 1621 694 1680 turpitudinis..
758 1619 859 1663 Cod.
889 1620 1112 1677 turpidinis
1153 1620 1290 1664 habet.
1359 1621 1483 1673 Quod
1524 1621 1782 1665 vocabulum
1821 1622 1957 1676 Majus
1994 1635 2243 1679 quamquam

224 1684 343 1728 nullo
388 1683 479 1728 alio
534 1683 635 1726 loco
674 1682 786 1739 apud
826 1680 1084 1725 Ciceronem
1120 1683 1311 1726 inveniri
1355 1682 1491 1737 vidit,
1536 1689 1678 1727 tamen
1724 1682 1890 1726 idcirco
1924 1697 2011 1725 non
2040 1682 2245 1726 dubitavit

224 1759 438 1800 servare,
485 1744 600 1803 quod
642 1744 751 1801 apud
792 1743 1037 1787 Tertullian.
1078 1743 1131 1787 de
1170 1742 1328 1788 Coron.
1365 1744 1448 1788 Mil.
1479 1744 1590 1788 XIV.
1629 1747 1673 1788 in
1713 1743 1834 1789 libris
1876 1745 2092 1788 nonnullis
2131 1744 2243 1787 idem

226 1808 463 1865 legeretur.
547 1805 728 1850 Secutus
773 1812 837 1849 est
874 1805 1028 1863 MaJum
1070 1804 1122 1849 de
1163 1806 1403 1851 editoribus
1447 1820 1575 1851 nemo
1626 1813 1800 1865 praeter
1840 1805 2108 1860 Schutzium3
2148 1819 2244 1851 nam

226 1872 366 1913 ceteri
403 1870 452 1912 H.
483 1868 542 1912 St.
576 1868 628 1911 M.
648 1867 697 1911 N.
730 1867 774 1910 Z.
815 1868 1079 1926 turpitudinis
1115 1875 1412 1926 reposuerunt.
1471 1869 1636 1926 Reisig.
1692 1870 1967 1926 Vorlesunqeu
2000 1882 2068 1926 pg.
2103 1867 2161 1911 99
2203 1874 2247 1911 et

229 1931 380 1976 Krebs.
422 1929 646 1975 Antibarb.
695 1944 762 1988 pg.
805 1930 903 1974 781.
951 1929 1218 1989 turpitudinis
1258 1946 1338 1989 pro
1367 1931 1610 1991 ¹turpidinis
1666 1931 1756 1989 legi
1802 1931 2066 1984 maluerunt3
2105 1944 2246 1989 neque

227 1995 312 2039 hoc
354 1993 615 2039 vocabulum
649 1992 884 2037 Freundius
924 1993 973 2038 in
1012 1993 1209 2051 Lexicon
1248 1993 1296 2038 T.
1337 1994 1406 2037 IV.
1439 2008 1507 2051 pg.
1546 1994 1637 2038 842
1675 1995 1851 2052 recepit.
1890 2020 1943 2025 —
1991 1993 2059 2037 Ac
2103 1992 2245 2037 fateor

226 2057 423 2114 quidem,
464 2059 507 2099 in
545 2056 625 2099 hac
656 2056 972 2113 quaestiuncula
1008 2069 1097 2099 non
1137 2058 1239 2100 satis
1277 2061 1438 2100 certam
1468 2070 1571 2101 esse
1605 2055 1728 2100 fidem
1761 2055 1984 2111 librorum,
2018 2057 2060 2098 in
2089 2053 2243 2114 quibus

232 2119 433 2174 voculae,
466 2121 510 2162 in
545 2116 643 2162 illas
677 2116 864 2175 syllabas
894 2118 1113 2174 cadentes,
1146 2133 1448 2176 nonnunquam
1492 2122 1574 2163 sint
1609 2121 1721 2162 inter
1752 2133 1799 2162 se
1846 2124 2135 2162 commutatae.
2190 2117 2244 2161 Ut

232 2180 322 2224 Cic.
361 2181 414 2224 de
465 2180 634 2223 Orator.
673 2179 753 2234 III,
798 2179 872 2235 25,
912 2183 953 2236 ὃ
994 2180 1065 2224 99.
1111 2182 1328 2225 dulcedine
1377 2180 1428 2224 ab
1481 2179 1716 2225 editoribus
1768 2182 1969 2239 seriptum
2013 2185 2100 2235 est,
2154 2177 2241 2235 ubi',

231 2249 409 2288 auctore
449 2242 646 2297 Nonnio,
677 2243 926 2285 dulcitudine
957 2243 1111 2299 legere
1145 2242 1362 2287 debemus.
1402 2243 1499 2286 ibid.
1539 2244 1611 2287 40.
1648 2244 1820 2286 dulcedo
1853 2244 2071 2298 vulgatum
2110 2241 2242 2285 vide—

225 2319 347 2360 mus,
379 2318 474 2348 cum
510 2303 623 2347 liber
652 2302 828 2361 Guelph.
861 2305 1070 2349 dulcitudo
1100 2304 1263 2349 habeat.
1296 2304 1424 2364 Apud
1458 2303 1546 2349 Cic.
1580 2304 1634 2349 de
1670 2302 1753 2349 Off.
1789 2304 1822 2361 Ι,
1853 2304 1918 2349 30
1952 2317 2100 2348 omnes
2144 2302 2241 2347 fere

228 2367 328 2412 libri
367 2368 616 2425 turpitudini
653 2365 826 2420 habent0,
860 2367 936 2411 sed
968 2370 1011 2411 in
1045 2367 1197 2412 codice
1242 2367 1463 2413 Bonnensi
1499 2370 1700 2426 turpidinis·
1739 2370 1967 2426 reperitur.
2010 2365 2147 2411 Klein.
2189 2366 2243 2410 ad

228 2430 416 2474 Lambin.
454 2429 675 2472 Emendat.
734 2429 909 2472 Tullian.
942 2443 1011 2487 pg.
1049 2430 1151 2474 520.
1177 2430 1382 2474 Similiter
1422 2445 1486 2488 ap.
1521 2430 1676 2474 Senec.
1721 2429 1774 2473 de
1813 2428 1962 2473 Benef.
1999 2428 2071 2484 VI,
2104 2428 2180 2483 32,
2214 2427 2242 2471 2

231 2495 350 2551 (quia
383 2493 652 2550 quarundam
678 2505 818 2534 rerum
849 2493 1060 2549 turpitudo
1093 2495 1220 2536 etiam
1250 2494 1310 2536 ad
1337 2494 1616 2537 vindicantem
1654 2494 1782 2547 redit]
1815 2494 1858 2535 in
1892 2490 2044 2535 codice
2069 2490 2242 2535 Vratis-

231 2556 417 2601 laviensi
473 2554 642 2612 turpido
691 2553 860 2610 legitur.
927 2552 991 2598 Cf.
1030 2554 1215 2599 Fickert.
1250 2555 1306 2599 ad
1336 2555 1372 2599 h.
1415 2554 1440 2599 1.
1512 2555 1581 2599 Ac
1624 2568 1679 2599 ne
1717 2569 1832 2600 nunc
1875 2553 2045 2613 quidem
2087 2566 2242 2611 operas

228 2618 285 2662 ab
326 2618 408 2663 hoc
458 2631 617 2662 errore
660 2615 823 2660 alienas
870 2630 991 2673 esse,
1049 2632 1108 2661 ex
1167 2618 1436 2662 Fridemann.
1482 2616 1723 2663 Chrestom.
1775 2616 1863 2662 Cic.
1920 2615 1970 2659 V.
2027 2616 2056 2660 1.
2117 2616 2160 2659 P.
2212 2614 2242 2658 Ι.

233 2694 302 2738 pg.
357 2680 446 2724 128
492 2679 795 2736 intelligimus,
836 2681 905 2736 qui
952 2680 1094 2724 locum
1145 2678 1373 2724 Ciceronis
1422 2679 1549 2724 Tusc.
1592 2680 1708 2738 Disp.
1738 2679 1820 2736 111,
1883 2678 1941 2723 32
1987 2680 2050 2723 sic
2101 2677 2243 2722 eden-

226 2742 332 2787 dum
354 2745 546 2787 curavit:
584 2742 720 2797 Qum
739 2754 788 2784 ae
812 2741 1051 2787 Alcibiades
1076 2743 1306 2800 afflictaret
1336 2744 1644 2801 laoeimanaque
1663 2742 1836 2786 Socrati
1850 2742 2027 2799 supplex
2042 2743 2172 2793 esset,
2196 2743 2243 2782 ut

223 2803 314 2849 sibi
354 2807 546 2849 virtutem
576 2806 766 2849 tradeoet
798 2805 1123 2863 tumtdinemque
1150 2807 1386 2864 depelleret.
1442 2805 1566 2859 Quod
1591 2820 1690 2850 num
1725 2811 1891 2849 fluitare
1917 2806 2011 2862 ipse
2036 2802 2241 2858 voluerit,

228 2882 330 2912 cum
348 2869 526 2911 omnino
551 2873 756 2927 sequatur
775 2865 996 2922 Orellinm,
1013 2866 1141 2911 valde
1161 2867 1411 2913 dubitamus.
1446 2866 1815 2912 SedHeinrichius
1833 2866 1932 2911 adh.
1951 2866 1978 2909 l.
1998 2865 2241 2920 gravissme

234 2932 452 2989 vituperat
474 2928 641 2986 MaJum,
666 2929 780 2989 quod
797 2928 1025 2974 lectionem
1053 2931 1217 2976 codicis
1237 2932 1496 2976 servaverit„
1529 2929 1668 2987 „Nam
1690 2934 1920 2974 monstrum
1944 2927 2076 2980 vocis,
2092 2927 2241 2985 inquit,

229 2998 299 3035 eat
318 2994 438 3047 tund,
466 2993 557 3035 aive
582 2994 799 3049 scn'peerit
832 2992 1114 3037 Tertullianus
1141 2996 1231 3037 aive
1252 3007 1336 3037 uon
1357 2994 1576 3050 scripserit
1586 3026 1692 3035 ......
1735 2992 1833 3035 Jam
1859 3001 1961 3031 cero
1992 3001 2132 3032 omnes
2162 2990 2242 3034 hoc

227 3067 367 3110 penus
391 3056 565 3110 formae
603 3058 699 3097 sunt
727 3054 1104 3109 substantivorum,
1140 3069 1248 3113 quae
1278 3070 1308 3099 a
1336 3055 1476 3099 verbio
1504 3054 1714 3098 ducuntur
1742 3056 1785 3096 et
1813 3050 1869 3094 ab
1901 3050 2120 3106 adjectivis
2140 3053 2241 3107 fieri
