<?xml version="1.0" encoding="UTF-8"?>
<!DOCTYPE html PUBLIC "-//W3C//DTD XHTML 1.0 Transitional//EN"
    "http://www.w3.org/TR/xhtml1/DTD/xhtml1-transitional.dtd">
<html xmlns="http://www.w3.org/1999/xhtml" xml:lang="en" lang="en">
 <head>
  <title>
</title>
<meta http-equiv="Content-Type" content="text/html;charset=utf-8" />
  <meta name='ocr-system' content='tesseract 3.04.00' />
  <meta name='ocr-capabilities' content='ocr_page ocr_carea ocr_par ocr_line ocrx_word'/>
</head>
<body>
  <div class='ocr_page' id='page_1' title='image "./4773722_0014.png"; bbox 0 0 2437 3299; ppageno 0'>
   <div class='ocr_carea' id='block_1_1' title="bbox 224 154 254 197">
    <p class='ocr_par' dir='ltr' id='par_1_1' title="bbox 224 154 254 197">
     <span class='ocr_line' id='line_1_1' title="bbox 224 154 254 197; baseline 0 0"><span class='ocrx_word' id='word_1_1' title='bbox 224 154 254 197; x_wconf 80' lang='lat' dir='ltr'>S</span> 
     </span>
    </p>
   </div>
   <div class='ocr_carea' id='block_1_2' title="bbox 225 255 2259 3106">
    <p class='ocr_par' dir='ltr' id='par_1_2' title="bbox 225 255 2249 2113">
     <span class='ocr_line' id='line_1_2' title="bbox 226 255 2238 318; baseline -0.003 -14"><span class='ocrx_word' id='word_1_2' title='bbox 226 262 438 318; x_wconf 76' lang='lat' dir='ltr'>gignitur,</span> <span class='ocrx_word' id='word_1_3' title='bbox 486 258 568 301; x_wconf 90' lang='lat' dir='ltr'><strong>nisi</strong></span> <span class='ocrx_word' id='word_1_4' title='bbox 608 259 904 301; x_wconf 88' lang='lat' dir='ltr'><strong>contractione</strong></span> <span class='ocrx_word' id='word_1_5' title='bbox 946 258 987 301; x_wconf 94' lang='lat' dir='ltr'><strong>id</strong></span> <span class='ocrx_word' id='word_1_6' title='bbox 1027 257 1123 302; x_wconf 88' lang='lat' dir='ltr'><strong>fieri</strong></span> <span class='ocrx_word' id='word_1_7' title='bbox 1165 260 1423 304; x_wconf 78' lang='lat' dir='ltr'><strong>censemus?</strong></span> <span class='ocrx_word' id='word_1_8' title='bbox 1479 260 1537 303; x_wconf 88' lang='lat' dir='ltr'><strong>At</strong></span> <span class='ocrx_word' id='word_1_9' title='bbox 1581 261 1615 303; x_wconf 92' lang='lat' dir='ltr'><strong>is</strong></span> <span class='ocrx_word' id='word_1_10' title='bbox 1652 260 1708 301; x_wconf 90' lang='lat' dir='ltr'><strong>ita</strong></span> <span class='ocrx_word' id='word_1_11' title='bbox 1745 271 1836 301; x_wconf 87' lang='lat' dir='ltr'><strong>rem</strong></span> <span class='ocrx_word' id='word_1_12' title='bbox 1868 257 2078 314; x_wconf 83' lang='lat' dir='ltr'><strong>explicat,</strong></span> <span class='ocrx_word' id='word_1_13' title='bbox 2118 255 2238 314; x_wconf 88' lang='lat' dir='ltr'><strong>quasi</strong></span> 
     </span>
     <span class='ocr_line' id='line_1_3' title="bbox 227 318 2239 383; baseline -0.003 -16"><span class='ocrx_word' id='word_1_14' title='bbox 227 322 432 383; x_wconf 88' lang='lat' dir='ltr'><strong>producta</strong></span> <span class='ocrx_word' id='word_1_15' title='bbox 471 319 638 380; x_wconf 76' lang='lat' dir='ltr'>syllaba</span> <span class='ocrx_word' id='word_1_16' title='bbox 679 321 723 363; x_wconf 92' lang='lat' dir='ltr'><strong>in</strong></span> <span class='ocrx_word' id='word_1_17' title='bbox 765 319 868 364; x_wconf 91' lang='lat' dir='ltr'><strong>duas</strong></span> <span class='ocrx_word' id='word_1_18' title='bbox 912 320 1050 365; x_wconf 89' lang='lat' dir='ltr'><strong>soluta</strong></span> <span class='ocrx_word' id='word_1_19' title='bbox 1091 322 1145 365; x_wconf 92' lang='lat' dir='ltr'><strong>sit</strong></span> <span class='ocrx_word' id='word_1_20' title='bbox 1183 320 1357 366; x_wconf 87' lang='lat' dir='ltr'><strong>breves.</strong></span> <span class='ocrx_word' id='word_1_21' title='bbox 1423 321 1470 367; x_wconf 92' lang='lat' dir='ltr'><strong>Si</strong></span> <span class='ocrx_word' id='word_1_22' title='bbox 1510 322 1590 366; x_wconf 91' lang='lat' dir='ltr'><strong>hoc</strong></span> <span class='ocrx_word' id='word_1_23' title='bbox 1630 333 1738 365; x_wconf 89' lang='lat' dir='ltr'><strong>vere</strong></span> <span class='ocrx_word' id='word_1_24' title='bbox 1778 318 2062 374; x_wconf 85' lang='lat' dir='ltr'><strong>existimavit,</strong></span> <span class='ocrx_word' id='word_1_25' title='bbox 2103 331 2239 377; x_wconf 90' lang='lat' dir='ltr'><strong>prae—</strong></span> 
     </span>
     <span class='ocr_line' id='line_1_4' title="bbox 229 380 2239 444; baseline -0.003 -15"><span class='ocrx_word' id='word_1_26' title='bbox 229 391 396 444; x_wconf 89' lang='lat' dir='ltr'><strong>ceptum</strong></span> <span class='ocrx_word' id='word_1_27' title='bbox 443 384 686 441; x_wconf 86' lang='lat' dir='ltr'><strong>ignoravit,</strong></span> <span class='ocrx_word' id='word_1_28' title='bbox 737 382 789 426; x_wconf 92' lang='lat' dir='ltr'><strong>de</strong></span> <span class='ocrx_word' id='word_1_29' title='bbox 837 397 920 441; x_wconf 91' lang='lat' dir='ltr'><strong>quo</strong></span> <span class='ocrx_word' id='word_1_30' title='bbox 971 397 1122 428; x_wconf 90' lang='lat' dir='ltr'><strong>omnes</strong></span> <span class='ocrx_word' id='word_1_31' title='bbox 1171 386 1435 441; x_wconf 81' lang='lat' dir='ltr'><strong>grammatici</strong></span> <span class='ocrx_word' id='word_1_32' title='bbox 1486 384 1774 437; x_wconf 88' lang='lat' dir='ltr'><strong>consentiunt,</strong></span> <span class='ocrx_word' id='word_1_33' title='bbox 1824 382 2059 438; x_wconf 85' lang='lat' dir='ltr'><strong>geminatas</strong></span> <span class='ocrx_word' id='word_1_34' title='bbox 2105 380 2239 424; x_wconf 80' lang='lat' dir='ltr'><strong>fuisse</strong></span> 
     </span>
     <span class='ocr_line' id='line_1_5' title="bbox 229 442 2243 507; baseline -0.002 -15"><span class='ocrx_word' id='word_1_35' title='bbox 229 449 345 507; x_wconf 89' lang='lat' dir='ltr'><strong>prius</strong></span> <span class='ocrx_word' id='word_1_36' title='bbox 381 446 587 500; x_wconf 86' lang='lat' dir='ltr'><strong>vocales,</strong></span> <span class='ocrx_word' id='word_1_37' title='bbox 631 459 755 503; x_wconf 91' lang='lat' dir='ltr'><strong>quam</strong></span> <span class='ocrx_word' id='word_1_38' title='bbox 787 452 1034 491; x_wconf 89' lang='lat' dir='ltr'><strong>contractae</strong></span> <span class='ocrx_word' id='word_1_39' title='bbox 1068 446 1224 504; x_wconf 89' lang='lat' dir='ltr'><strong>longas</strong></span> <span class='ocrx_word' id='word_1_40' title='bbox 1263 446 1453 507; x_wconf 81' lang='lat' dir='ltr'>syllabas</span> <span class='ocrx_word' id='word_1_41' title='bbox 1493 447 1747 493; x_wconf 81' lang='lat' dir='ltr'><strong>effecissent.</strong></span> <span class='ocrx_word' id='word_1_42' title='bbox 1812 442 1995 501; x_wconf 86' lang='lat' dir='ltr'><strong>(Grimm</strong></span> <span class='ocrx_word' id='word_1_43' title='bbox 2026 442 2243 488; x_wconf 73' lang='lat' dir='ltr'><strong>Deutecke</strong></span> 
     </span>
     <span class='ocr_line' id='line_1_6' title="bbox 230 505 2243 567; baseline -0.003 -14"><span class='ocrx_word' id='word_1_44' title='bbox 230 512 460 554; x_wconf 77' lang='lat' dir='ltr'><strong>Grammat.</strong></span> <span class='ocrx_word' id='word_1_45' title='bbox 486 508 533 549; x_wconf 89' lang='lat' dir='ltr'><strong>T.</strong></span> <span class='ocrx_word' id='word_1_46' title='bbox 557 507 592 563; x_wconf 93' lang='grc' dir='ltr'><strong>Ι,</strong></span> <span class='ocrx_word' id='word_1_47' title='bbox 624 520 694 566; x_wconf 88' lang='lat' dir='ltr'><strong>pg.</strong></span> <span class='ocrx_word' id='word_1_48' title='bbox 728 507 810 560; x_wconf 78' lang='lat'><strong>323</strong></span> <span class='ocrx_word' id='word_1_49' title='bbox 845 507 1189 551; x_wconf 90' lang='lat' dir='ltr'><strong>Schmitthenner</strong></span> <span class='ocrx_word' id='word_1_50' title='bbox 1224 510 1553 567; x_wconf 74' lang='lat' dir='ltr'><strong>Ureprachlehre</strong></span> <span class='ocrx_word' id='word_1_51' title='bbox 1587 512 1628 565; x_wconf 86' lang='lat'><strong>§.</strong></span> <span class='ocrx_word' id='word_1_52' title='bbox 1652 508 1734 561; x_wconf 77' lang='lat'><strong>263</strong></span> <span class='ocrx_word' id='word_1_53' title='bbox 1762 507 1902 550; x_wconf 88' lang='lat' dir='ltr'><strong>Rinne</strong></span> <span class='ocrx_word' id='word_1_54' title='bbox 1934 506 2019 549; x_wconf 70' lang='lat' dir='ltr'><strong>Die</strong></span> <span class='ocrx_word' id='word_1_55' title='bbox 2047 505 2243 547; x_wconf 72' lang='lat' dir='ltr'><strong>deutsche</strong></span> 
     </span>
     <span class='ocr_line' id='line_1_7' title="bbox 231 568 2242 627; baseline -0.003 -11"><span class='ocrx_word' id='word_1_56' title='bbox 231 572 494 617; x_wconf 78' lang='lat' dir='ltr'><strong>Grammatilr</strong></span> <span class='ocrx_word' id='word_1_57' title='bbox 529 570 608 613; x_wconf 85' lang='lat' dir='ltr'><strong>Bd.</strong></span> <span class='ocrx_word' id='word_1_58' title='bbox 647 570 692 624; x_wconf 84' lang='lat'><strong>2,</strong></span> <span class='ocrx_word' id='word_1_59' title='bbox 726 569 878 613; x_wconf 74' lang='lat' dir='ltr'><strong>Absch.</strong></span> <span class='ocrx_word' id='word_1_60' title='bbox 914 571 963 625; x_wconf 83' lang='lat'><strong>1,</strong></span> <span class='ocrx_word' id='word_1_61' title='bbox 1000 570 1066 626; x_wconf 85' lang='lat'><strong>3.)</strong></span> <span class='ocrx_word' id='word_1_62' title='bbox 1138 571 1343 615; x_wconf 86' lang='lat' dir='ltr'><strong>Romanis</strong></span> <span class='ocrx_word' id='word_1_63' title='bbox 1384 578 1522 616; x_wconf 88' lang='lat' dir='ltr'><strong>autem</strong></span> <span class='ocrx_word' id='word_1_64' title='bbox 1568 586 1620 615; x_wconf 89' lang='lat' dir='ltr'><strong>ea</strong></span> <span class='ocrx_word' id='word_1_65' title='bbox 1659 570 1830 627; x_wconf 81' lang='lat' dir='ltr'>linguae</span> <span class='ocrx_word' id='word_1_66' title='bbox 1869 568 1947 612; x_wconf 84' lang='lat' dir='ltr'><strong>fuit</strong></span> <span class='ocrx_word' id='word_1_67' title='bbox 1984 573 2156 621; x_wconf 87' lang='lat' dir='ltr'><strong>natura,</strong></span> <span class='ocrx_word' id='word_1_68' title='bbox 2198 572 2242 610; x_wconf 85' lang='lat' dir='ltr'><strong>ut</strong></span> 
     </span>
     <span class='ocr_line' id='line_1_8' title="bbox 230 628 2241 693; baseline -0.003 -15"><span class='ocrx_word' id='word_1_69' title='bbox 230 630 372 693; x_wconf 86' lang='lat' dir='ltr'><strong>neque</strong></span> <span class='ocrx_word' id='word_1_70' title='bbox 408 633 564 676; x_wconf 88' lang='lat' dir='ltr'><strong>hiatum</strong></span> <span class='ocrx_word' id='word_1_71' title='bbox 601 631 771 675; x_wconf 84' lang='lat' dir='ltr'><strong>ferrent</strong></span> <span class='ocrx_word' id='word_1_72' title='bbox 811 643 953 690; x_wconf 90' lang='lat' dir='ltr'><strong>neque</strong></span> <span class='ocrx_word' id='word_1_73' title='bbox 991 632 1171 676; x_wconf 90' lang='lat' dir='ltr'><strong>vocales</strong></span> <span class='ocrx_word' id='word_1_74' title='bbox 1215 635 1257 676; x_wconf 93' lang='lat' dir='ltr'><strong>in</strong></span> <span class='ocrx_word' id='word_1_75' title='bbox 1291 632 1577 691; x_wconf 88' lang='lat' dir='ltr'><strong>diphthongos</strong></span> <span class='ocrx_word' id='word_1_76' title='bbox 1614 632 1743 676; x_wconf 83' lang='lat' dir='ltr'><strong>facile</strong></span> <span class='ocrx_word' id='word_1_77' title='bbox 1777 635 2025 691; x_wconf 85' lang='lat' dir='ltr'><strong>paterentur</strong></span> <span class='ocrx_word' id='word_1_78' title='bbox 2062 628 2241 672; x_wconf 87' lang='lat' dir='ltr'><strong>coales-</strong></span> 
     </span>
     <span class='ocr_line' id='line_1_9' title="bbox 231 693 2241 752; baseline -0.003 -13"><span class='ocrx_word' id='word_1_79' title='bbox 231 711 348 739; x_wconf 91' lang='lat' dir='ltr'><strong>cere.</strong></span> <span class='ocrx_word' id='word_1_80' title='bbox 413 695 559 752; x_wconf 89' lang='lat' dir='ltr'><strong>Itaque</strong></span> <span class='ocrx_word' id='word_1_81' title='bbox 589 693 661 738; x_wconf 89' lang='lat' dir='ltr'><strong>ubi</strong></span> <span class='ocrx_word' id='word_1_82' title='bbox 703 694 810 737; x_wconf 84' lang='lat' dir='ltr'><strong>duae</strong></span> <span class='ocrx_word' id='word_1_83' title='bbox 851 701 1185 748; x_wconf 88' lang='lat' dir='ltr'><strong>concurrerant,</strong></span> <span class='ocrx_word' id='word_1_84' title='bbox 1226 709 1300 738; x_wconf 89' lang='lat' dir='ltr'><strong>eas</strong></span> <span class='ocrx_word' id='word_1_85' title='bbox 1336 697 1381 737; x_wconf 90' lang='lat' dir='ltr'><strong>in</strong></span> <span class='ocrx_word' id='word_1_86' title='bbox 1412 709 1536 738; x_wconf 88' lang='lat' dir='ltr'><strong>unam</strong></span> <span class='ocrx_word' id='word_1_87' title='bbox 1577 694 1786 752; x_wconf 78' lang='lat' dir='ltr'><strong>syllabam</strong></span> <span class='ocrx_word' id='word_1_88' title='bbox 1817 695 1874 737; x_wconf 86' lang='lat' dir='ltr'><strong>ita</strong></span> <span class='ocrx_word' id='word_1_89' title='bbox 1911 694 2241 748; x_wconf 80' lang='lat' dir='ltr'><strong>conjunxerunt,</strong></span> 
     </span>
     <span class='ocr_line' id='line_1_10' title="bbox 232 752 2241 816; baseline -0.003 -15"><span class='ocrx_word' id='word_1_90' title='bbox 232 764 276 802; x_wconf 92' lang='lat' dir='ltr'><strong>ut</strong></span> <span class='ocrx_word' id='word_1_91' title='bbox 308 759 452 816; x_wconf 90' lang='lat' dir='ltr'><strong>prior,</strong></span> <span class='ocrx_word' id='word_1_92' title='bbox 494 755 629 799; x_wconf 91' lang='lat' dir='ltr'><strong>altera</strong></span> <span class='ocrx_word' id='word_1_93' title='bbox 670 762 862 814; x_wconf 88' lang='lat' dir='ltr'><strong>recepta,</strong></span> <span class='ocrx_word' id='word_1_94' title='bbox 903 754 1217 814; x_wconf 77' lang='lat' dir='ltr'><strong>produceretur</strong></span> <span class='ocrx_word' id='word_1_95' title='bbox 1256 754 1514 813; x_wconf 87' lang='lat' dir='ltr'><strong>auribusque</strong></span> <span class='ocrx_word' id='word_1_96' title='bbox 1556 755 1649 799; x_wconf 91' lang='lat' dir='ltr'><strong>sola</strong></span> <span class='ocrx_word' id='word_1_97' title='bbox 1688 755 1998 814; x_wconf 80' lang='lat' dir='ltr'><strong>perciperetur.</strong></span> <span class='ocrx_word' id='word_1_98' title='bbox 2066 752 2241 810; x_wconf 75' lang='lat' dir='ltr'><strong>Benary</strong></span> 
     </span>
     <span class='ocr_line' id='line_1_11' title="bbox 233 815 2243 876; baseline -0.002 -12"><span class='ocrx_word' id='word_1_99' title='bbox 233 819 459 864; x_wconf 75' lang='lat' dir='ltr'><strong>Romisclae</strong></span> <span class='ocrx_word' id='word_1_100' title='bbox 481 817 707 861; x_wconf 78' lang='lat' dir='ltr'><strong>Lautlekre</strong></span> <span class='ocrx_word' id='word_1_101' title='bbox 734 831 804 875; x_wconf 88' lang='lat' dir='ltr'><strong>pg.</strong></span> <span class='ocrx_word' id='word_1_102' title='bbox 839 817 912 871; x_wconf 86' lang='grc'><strong>90,</strong></span> <span class='ocrx_word' id='word_1_103' title='bbox 948 817 1018 859; x_wconf 91' lang='grc'><strong>95.</strong></span> <span class='ocrx_word' id='word_1_104' title='bbox 1082 816 1152 859; x_wconf 87' lang='lat' dir='ltr'><strong>Ex</strong></span> <span class='ocrx_word' id='word_1_105' title='bbox 1186 815 1346 860; x_wconf 89' lang='lat' dir='ltr'><strong>duabus</strong></span> <span class='ocrx_word' id='word_1_106' title='bbox 1380 818 1510 873; x_wconf 91' lang='lat' dir='ltr'><strong>igitur</strong></span> <span class='ocrx_word' id='word_1_107' title='bbox 1545 816 1785 874; x_wconf 88' lang='lat' dir='ltr'><strong>vocalibus,</strong></span> <span class='ocrx_word' id='word_1_108' title='bbox 1822 831 1930 876; x_wconf 85' lang='lat' dir='ltr'><strong>quae</strong></span> <span class='ocrx_word' id='word_1_109' title='bbox 1961 818 2005 860; x_wconf 90' lang='lat' dir='ltr'><strong>in</strong></span> <span class='ocrx_word' id='word_1_110' title='bbox 2037 815 2121 860; x_wconf 90' lang='lat' dir='ltr'><strong>illis</strong></span> <span class='ocrx_word' id='word_1_111' title='bbox 2156 828 2243 873; x_wconf 85' lang='lat' dir='ltr'><strong>ge-</strong></span> 
     </span>
     <span class='ocr_line' id='line_1_12' title="bbox 234 877 2242 941; baseline -0.001 -14"><span class='ocrx_word' id='word_1_112' title='bbox 234 884 379 927; x_wconf 82' lang='lat' dir='ltr'><strong>nitivis</strong></span> <span class='ocrx_word' id='word_1_113' title='bbox 413 882 653 938; x_wconf 90' lang='lat' dir='ltr'><strong>geminatae</strong></span> <span class='ocrx_word' id='word_1_114' title='bbox 687 884 853 932; x_wconf 78' lang='lat' dir='ltr'><strong>essent,</strong></span> <span class='ocrx_word' id='word_1_115' title='bbox 897 891 980 921; x_wconf 88' lang='lat' dir='ltr'><strong>una</strong></span> <span class='ocrx_word' id='word_1_116' title='bbox 1019 877 1147 921; x_wconf 91' lang='lat' dir='ltr'><strong>modo</strong></span> <span class='ocrx_word' id='word_1_117' title='bbox 1190 892 1328 937; x_wconf 83' lang='lat' dir='ltr'><strong>eaque</strong></span> <span class='ocrx_word' id='word_1_118' title='bbox 1369 878 1501 936; x_wconf 89' lang='lat' dir='ltr'><strong>longa</strong></span> <span class='ocrx_word' id='word_1_119' title='bbox 1540 885 1704 924; x_wconf 88' lang='lat' dir='ltr'><strong>mature</strong></span> <span class='ocrx_word' id='word_1_120' title='bbox 1743 879 1940 941; x_wconf 88' lang='lat' dir='ltr'><strong>profecta</strong></span> <span class='ocrx_word' id='word_1_121' title='bbox 1973 885 2048 924; x_wconf 85' lang='lat' dir='ltr'><strong>est.</strong></span> <span class='ocrx_word' id='word_1_122' title='bbox 2123 877 2242 937; x_wconf 66' lang='lat' dir='ltr'><strong>Quae</strong></span> 
     </span>
     <span class='ocr_line' id='line_1_13' title="bbox 232 938 2241 1001; baseline -0.002 -13"><span class='ocrx_word' id='word_1_123' title='bbox 232 942 435 1001; x_wconf 91' lang='lat' dir='ltr'><strong>loquendi</strong></span> <span class='ocrx_word' id='word_1_124' title='bbox 472 943 578 984; x_wconf 83' lang='lat' dir='ltr'><strong>ratio</strong></span> <span class='ocrx_word' id='word_1_125' title='bbox 612 953 859 997; x_wconf 88' lang='lat' dir='ltr'><strong>quamquam</strong></span> <span class='ocrx_word' id='word_1_126' title='bbox 891 938 1019 981; x_wconf 90' lang='lat' dir='ltr'><strong>valde</strong></span> <span class='ocrx_word' id='word_1_127' title='bbox 1058 952 1137 981; x_wconf 88' lang='lat' dir='ltr'><strong>usu</strong></span> <span class='ocrx_word' id='word_1_128' title='bbox 1173 938 1401 994; x_wconf 77' lang='lat' dir='ltr'><strong>increbuit,</strong></span> <span class='ocrx_word' id='word_1_129' title='bbox 1436 945 1577 986; x_wconf 86' lang='lat' dir='ltr'><strong>tamen</strong></span> <span class='ocrx_word' id='word_1_130' title='bbox 1606 940 1743 987; x_wconf 84' lang='lat' dir='ltr'><strong>altera</strong></span> <span class='ocrx_word' id='word_1_131' title='bbox 1773 942 1978 999; x_wconf 84' lang='lat' dir='ltr'><strong>primaria</strong></span> <span class='ocrx_word' id='word_1_132' title='bbox 2005 954 2093 986; x_wconf 89' lang='lat' dir='ltr'><strong>non</strong></span> <span class='ocrx_word' id='word_1_133' title='bbox 2114 938 2241 999; x_wconf 70' lang='lat' dir='ltr'><strong>plane</strong></span> 
     </span>
     <span class='ocr_line' id='line_1_14' title="bbox 231 998 2243 1059; baseline -0.003 -9"><span class='ocrx_word' id='word_1_134' title='bbox 231 1004 520 1049; x_wconf 85' lang='lat' dir='ltr'><strong>obsoleverat.</strong></span> <span class='ocrx_word' id='word_1_135' title='bbox 582 999 711 1043; x_wconf 89' lang='lat' dir='ltr'><strong>Errat</strong></span> <span class='ocrx_word' id='word_1_136' title='bbox 743 1001 855 1042; x_wconf 91' lang='lat' dir='ltr'><strong>enim</strong></span> <span class='ocrx_word' id='word_1_137' title='bbox 884 998 1129 1054; x_wconf 79' lang='lat' dir='ltr'><strong>BentlejuS,</strong></span> <span class='ocrx_word' id='word_1_138' title='bbox 1170 1002 1240 1058; x_wconf 89' lang='lat' dir='ltr'><strong>qui</strong></span> <span class='ocrx_word' id='word_1_139' title='bbox 1282 1001 1483 1059; x_wconf 90' lang='lat' dir='ltr'><strong>exempla</strong></span> <span class='ocrx_word' id='word_1_140' title='bbox 1515 1001 1827 1058; x_wconf 71' lang='lat' dir='ltr'><strong>genitivorum,</strong></span> <span class='ocrx_word' id='word_1_141' title='bbox 1860 1003 1905 1045; x_wconf 92' lang='lat' dir='ltr'><strong>in</strong></span> <span class='ocrx_word' id='word_1_142' title='bbox 1934 1004 1964 1046; x_wconf 91' lang='lat' dir='ltr'><strong>ii</strong></span> <span class='ocrx_word' id='word_1_143' title='bbox 1997 1001 2243 1046; x_wconf 87' lang='lat' dir='ltr'><strong>exeuntium</strong></span> 
     </span>
     <span class='ocr_line' id='line_1_15' title="bbox 228 1061 2243 1172; baseline 0 -66"><span class='ocrx_word' id='word_1_144' title='bbox 228 1066 361 1172; x_wconf 37' lang='lat' dir='ltr'><strong>&#39;asma‘</strong></span> <span class='ocrx_word' id='word_1_145' title='bbox 357 1065 649 1169; x_wconf 53' lang='lat' dir='ltr'><strong>ggtiquiorgsl</strong></span> <span class='ocrx_word' id='word_1_146' title='bbox 657 1066 818 1166; x_wconf 73' lang='lat' dir='ltr'><strong>pc&gt;1etas2</strong></span> <span class='ocrx_word' id='word_1_147' title='bbox 839 1061 954 1105; x_wconf 91' lang='lat' dir='ltr'><strong>nulla</strong></span> <span class='ocrx_word' id='word_1_148' title='bbox 978 1062 1179 1169; x_wconf 59' lang='grc' dir='ltr'><strong>ὶὲἶοηίτᾼε</strong></span> <span class='ocrx_word' id='word_1_149' title='bbox 1200 1063 1268 1166; x_wconf 54' lang='grc' dir='ltr'><strong>υἰέ.</strong></span> <span class='ocrx_word' id='word_1_150' title='bbox 1304 1061 1420 1167; x_wconf 56' lang='grc' dir='ltr'><strong>ἕίἀθ</strong></span> <span class='ocrx_word' id='word_1_151' title='bbox 1442 1063 1633 1107; x_wconf 74' lang='lat' dir='ltr'><strong>Mmeum</strong></span> <span class='ocrx_word' id='word_1_152' title='bbox 1653 1064 1730 1106; x_wconf 79' lang='lat' dir='ltr'><strong>der</strong></span> <span class='ocrx_word' id='word_1_153' title='bbox 1744 1063 2243 1169; x_wconf 49' lang='lat' dir='ltr'><strong>Rkefnss⁰hTtWe⁸3ffl2</strong></span> 
     </span>
     <span class='ocr_line' id='line_1_16' title="bbox 263 1132 2244 1175; baseline -0.001 -4"><span class='ocrx_word' id='word_1_154' title='bbox 263 1142 287 1171; x_wconf 86' lang='lat' dir='ltr'><strong>c</strong></span> <span class='ocrx_word' id='word_1_155' title='bbox 420 1132 535 1168; x_wconf 81' lang='lat' dir='ltr'><strong>‘nner</strong></span> <span class='ocrx_word' id='word_1_156' title='bbox 650 1159 657 1166; x_wconf 91' lang='lat'><strong>.</strong></span> <span class='ocrx_word' id='word_1_157' title='bbox 735 1157 746 1175; x_wconf 92' lang='lat'>‚</span> <span class='ocrx_word' id='word_1_158' title='bbox 823 1158 830 1165; x_wconf 93' lang='lat'><strong>.</strong></span> <span class='ocrx_word' id='word_1_159' title='bbox 943 1157 950 1165; x_wconf 94' lang='lat'><strong>.</strong></span> <span class='ocrx_word' id='word_1_160' title='bbox 1054 1157 1063 1166; x_wconf 88' lang='lat'><strong>.</strong></span> <span class='ocrx_word' id='word_1_161' title='bbox 1203 1135 1229 1167; x_wconf 79' lang='grc' dir='ltr'>ι</span> <span class='ocrx_word' id='word_1_162' title='bbox 1340 1135 1563 1171; x_wconf 70' lang='lat' dir='ltr'><strong>icet-onem</strong></span> <span class='ocrx_word' id='word_1_163' title='bbox 1604 1136 1717 1167; x_wconf 88' lang='lat' dir='ltr'><strong>vero</strong></span> <span class='ocrx_word' id='word_1_164' title='bbox 1781 1138 1850 1168; x_wconf 79' lang='lat' dir='ltr'><strong>cul</strong></span> <span class='ocrx_word' id='word_1_165' title='bbox 1922 1138 2110 1170; x_wconf 82' lang='lat' dir='ltr'><strong>emlvos</strong></span> <span class='ocrx_word' id='word_1_166' title='bbox 2151 1136 2195 1169; x_wconf 82' lang='lat' dir='ltr'><strong>ln</strong></span> <span class='ocrx_word' id='word_1_167' title='bbox 2229 1140 2244 1170; x_wconf 88' lang='lat'>1</span> 
     </span>
     <span class='ocr_line' id='line_1_17' title="bbox 227 1135 2243 1242; baseline -0 -10"><span class='ocrx_word' id='word_1_168' title='bbox 227 1190 365 1232; x_wconf 86' lang='lat' dir='ltr'><strong>finitos</strong></span> <span class='ocrx_word' id='word_1_169' title='bbox 409 1186 647 1229; x_wconf 87' lang='lat' dir='ltr'><strong>Ellendtius</strong></span> <span class='ocrx_word' id='word_1_170' title='bbox 693 1135 966 1227; x_wconf 74' lang='lat' dir='ltr'><strong>Praefatpgin</strong></span> <span class='ocrx_word' id='word_1_171' title='bbox 1008 1184 1123 1228; x_wconf 87' lang='lat' dir='ltr'><strong>Brut.</strong></span> <span class='ocrx_word' id='word_1_172' title='bbox 1173 1136 1244 1242; x_wconf 58' lang='lat' dir='ltr'><strong>gg.</strong></span> <span class='ocrx_word' id='word_1_173' title='bbox 1285 1185 1394 1228; x_wconf 90' lang='lat' dir='ltr'><strong>XIII.</strong></span> <span class='ocrx_word' id='word_1_174' title='bbox 1439 1200 1592 1242; x_wconf 89' lang='lat' dir='ltr'><strong>magna</strong></span> <span class='ocrx_word' id='word_1_175' title='bbox 1640 1156 1878 1229; x_wconf 63' lang='lat' dir='ltr'><strong>constantia</strong></span> <span class='ocrx_word' id='word_1_176' title='bbox 1891 1138 2088 1241; x_wconf 55' lang='lat' dir='ltr'><strong>gtribuit,</strong></span> <span class='ocrx_word' id='word_1_177' title='bbox 2134 1188 2243 1231; x_wconf 88' lang='lat' dir='ltr'><strong>adeo</strong></span> 
     </span>
     <span class='ocr_line' id='line_1_18' title="bbox 228 1245 2244 1302; baseline -0 -8"><span class='ocrx_word' id='word_1_178' title='bbox 228 1262 417 1294; x_wconf 91' lang='lat' dir='ltr'><strong>normam</strong></span> <span class='ocrx_word' id='word_1_179' title='bbox 452 1246 719 1302; x_wconf 90' lang='lat' dir='ltr'><strong>desiderari,</strong></span> <span class='ocrx_word' id='word_1_180' title='bbox 761 1253 805 1290; x_wconf 88' lang='lat' dir='ltr'><strong>ut</strong></span> <span class='ocrx_word' id='word_1_181' title='bbox 846 1245 996 1291; x_wconf 89' lang='lat' dir='ltr'><strong>eadem</strong></span> <span class='ocrx_word' id='word_1_182' title='bbox 1030 1247 1203 1295; x_wconf 81' lang='lat' dir='ltr'><strong>nomina</strong></span> <span class='ocrx_word' id='word_1_183' title='bbox 1235 1246 1373 1293; x_wconf 85' lang='lat' dir='ltr'><strong>isdem</strong></span> <span class='ocrx_word' id='word_1_184' title='bbox 1404 1246 1515 1295; x_wconf 85' lang='lat' dir='ltr'><strong>locis</strong></span> <span class='ocrx_word' id='word_1_185' title='bbox 1547 1248 1591 1292; x_wconf 91' lang='lat' dir='ltr'><strong>in</strong></span> <span class='ocrx_word' id='word_1_186' title='bbox 1626 1246 1847 1292; x_wconf 87' lang='lat' dir='ltr'><strong>codicibus</strong></span> <span class='ocrx_word' id='word_1_187' title='bbox 1881 1247 1977 1293; x_wconf 88' lang='lat' dir='ltr'><strong>aliis</strong></span> <span class='ocrx_word' id='word_1_188' title='bbox 2009 1248 2135 1292; x_wconf 89' lang='lat' dir='ltr'><strong>aliter</strong></span> <span class='ocrx_word' id='word_1_189' title='bbox 2164 1263 2244 1293; x_wconf 88' lang='lat' dir='ltr'><strong>ca-</strong></span> 
     </span>
     <span class='ocr_line' id='line_1_19' title="bbox 227 1307 2243 1367; baseline -0.001 -11"><span class='ocrx_word' id='word_1_190' title='bbox 227 1314 380 1359; x_wconf 84' lang='lat' dir='ltr'><strong>derent</strong></span> <span class='ocrx_word' id='word_1_191' title='bbox 424 1317 494 1353; x_wconf 90' lang='lat' dir='ltr'><strong>aut</strong></span> <span class='ocrx_word' id='word_1_192' title='bbox 531 1311 575 1352; x_wconf 91' lang='lat' dir='ltr'><strong>in</strong></span> <span class='ocrx_word' id='word_1_193' title='bbox 617 1323 703 1352; x_wconf 91' lang='lat' dir='ltr'><strong>uno</strong></span> <span class='ocrx_word' id='word_1_194' title='bbox 733 1307 845 1352; x_wconf 89' lang='lat' dir='ltr'><strong>libro</strong></span> <span class='ocrx_word' id='word_1_195' title='bbox 879 1310 1002 1352; x_wconf 89' lang='lat' dir='ltr'><strong>varie</strong></span> <span class='ocrx_word' id='word_1_196' title='bbox 1039 1311 1199 1367; x_wconf 87' lang='lat' dir='ltr'><strong>scripta</strong></span> <span class='ocrx_word' id='word_1_197' title='bbox 1232 1323 1320 1352; x_wconf 91' lang='lat' dir='ltr'><strong>non</strong></span> <span class='ocrx_word' id='word_1_198' title='bbox 1353 1323 1454 1353; x_wconf 91' lang='lat' dir='ltr'><strong>raro</strong></span> <span class='ocrx_word' id='word_1_199' title='bbox 1483 1309 1760 1366; x_wconf 88' lang='lat' dir='ltr'><strong>legerentur,</strong></span> <span class='ocrx_word' id='word_1_200' title='bbox 1799 1310 2041 1354; x_wconf 89' lang='lat' dir='ltr'><strong>Freundius</strong></span> <span class='ocrx_word' id='word_1_201' title='bbox 2072 1311 2126 1354; x_wconf 89' lang='lat' dir='ltr'><strong>ad</strong></span> <span class='ocrx_word' id='word_1_202' title='bbox 2155 1310 2243 1355; x_wconf 87' lang='lat' dir='ltr'><strong>Cic.</strong></span> 
     </span>
     <span class='ocr_line' id='line_1_20' title="bbox 226 1370 2244 1432; baseline -0.001 -13"><span class='ocrx_word' id='word_1_203' title='bbox 226 1373 368 1419; x_wconf 84' lang='lat' dir='ltr'><strong>Milon.</strong></span> <span class='ocrx_word' id='word_1_204' title='bbox 402 1371 432 1416; x_wconf 93' lang='lat'><strong>1.</strong></span> <span class='ocrx_word' id='word_1_205' title='bbox 468 1371 512 1427; x_wconf 87' lang='lat'><strong>1,</strong></span> <span class='ocrx_word' id='word_1_206' title='bbox 545 1377 629 1415; x_wconf 88' lang='lat' dir='ltr'><strong>tam</strong></span> <span class='ocrx_word' id='word_1_207' title='bbox 660 1372 842 1429; x_wconf 90' lang='lat' dir='ltr'><strong>copiose</strong></span> <span class='ocrx_word' id='word_1_208' title='bbox 877 1376 1044 1431; x_wconf 91' lang='lat' dir='ltr'><strong>tamque</strong></span> <span class='ocrx_word' id='word_1_209' title='bbox 1079 1370 1207 1416; x_wconf 84' lang='lat' dir='ltr'><strong>docte</strong></span> <span class='ocrx_word' id='word_1_210' title='bbox 1237 1370 1570 1427; x_wconf 84' lang='lat' dir='ltr'><strong>demonstravit,</strong></span> <span class='ocrx_word' id='word_1_211' title='bbox 1610 1377 1654 1416; x_wconf 90' lang='lat' dir='ltr'><strong>ut</strong></span> <span class='ocrx_word' id='word_1_212' title='bbox 1684 1373 1832 1417; x_wconf 91' lang='lat' dir='ltr'><strong>mirari</strong></span> <span class='ocrx_word' id='word_1_213' title='bbox 1871 1373 2037 1431; x_wconf 79' lang='lat' dir='ltr'><strong>possiS,</strong></span> <span class='ocrx_word' id='word_1_214' title='bbox 2078 1373 2115 1417; x_wconf 90' lang='lat' dir='ltr'><strong>si</strong></span> <span class='ocrx_word' id='word_1_215' title='bbox 2150 1374 2244 1432; x_wconf 90' lang='lat' dir='ltr'><strong>quis</strong></span> 
     </span>
     <span class='ocr_line' id='line_1_21' title="bbox 227 1433 2245 1479; baseline -0 0"><span class='ocrx_word' id='word_1_216' title='bbox 227 1438 335 1479; x_wconf 92' lang='lat' dir='ltr'><strong>hanc</strong></span> <span class='ocrx_word' id='word_1_217' title='bbox 372 1435 553 1477; x_wconf 88' lang='lat' dir='ltr'><strong>formam</strong></span> <span class='ocrx_word' id='word_1_218' title='bbox 578 1433 784 1476; x_wconf 88' lang='lat' dir='ltr'><strong>Ciceroni</strong></span> <span class='ocrx_word' id='word_1_219' title='bbox 818 1435 1057 1475; x_wconf 88' lang='lat' dir='ltr'><strong>etiamnunc</strong></span> <span class='ocrx_word' id='word_1_220' title='bbox 1090 1435 1264 1476; x_wconf 88' lang='lat' dir='ltr'><strong>omnino</strong></span> <span class='ocrx_word' id='word_1_221' title='bbox 1294 1433 1486 1477; x_wconf 88' lang='lat' dir='ltr'><strong>tribuere</strong></span> <span class='ocrx_word' id='word_1_222' title='bbox 1520 1435 1702 1477; x_wconf 87' lang='lat' dir='ltr'><strong>animum</strong></span> <span class='ocrx_word' id='word_1_223' title='bbox 1732 1434 1961 1477; x_wconf 87' lang='lat' dir='ltr'><strong>induxerit.</strong></span> <span class='ocrx_word' id='word_1_224' title='bbox 2026 1433 2072 1478; x_wconf 90' lang='lat' dir='ltr'><strong>Si</strong></span> <span class='ocrx_word' id='word_1_225' title='bbox 2106 1442 2245 1478; x_wconf 87' lang='lat' dir='ltr'><strong>autem</strong></span> 
     </span>
     <span class='ocr_line' id='line_1_22' title="bbox 225 1494 2244 1556; baseline -0 -13"><span class='ocrx_word' id='word_1_226' title='bbox 225 1511 392 1543; x_wconf 90' lang='lat' dir='ltr'><strong>mecum</strong></span> <span class='ocrx_word' id='word_1_227' title='bbox 428 1494 678 1555; x_wconf 79' lang='lat' dir='ltr'><strong>perpendo,</strong></span> <span class='ocrx_word' id='word_1_228' title='bbox 722 1508 830 1554; x_wconf 91' lang='lat' dir='ltr'><strong>quae</strong></span> <span class='ocrx_word' id='word_1_229' title='bbox 863 1496 948 1539; x_wconf 83' lang='lat' dir='ltr'><strong>viri</strong></span> <span class='ocrx_word' id='word_1_230' title='bbox 984 1494 1099 1539; x_wconf 90' lang='lat' dir='ltr'><strong>docti</strong></span> <span class='ocrx_word' id='word_1_231' title='bbox 1139 1502 1398 1540; x_wconf 89' lang='lat' dir='ltr'><strong>monuerunt</strong></span> <span class='ocrx_word' id='word_1_232' title='bbox 1434 1509 1576 1555; x_wconf 92' lang='lat' dir='ltr'><strong>neque</strong></span> <span class='ocrx_word' id='word_1_233' title='bbox 1613 1495 1656 1540; x_wconf 94' lang='lat' dir='ltr'><strong>id</strong></span> <span class='ocrx_word' id='word_1_234' title='bbox 1692 1496 1832 1540; x_wconf 90' lang='lat' dir='ltr'><strong>animo</strong></span> <span class='ocrx_word' id='word_1_235' title='bbox 1871 1497 2186 1556; x_wconf 81' lang='lat' dir='ltr'><strong>praetermitto,</strong></span> <span class='ocrx_word' id='word_1_236' title='bbox 2221 1511 2244 1542; x_wconf 89' lang='lat' dir='ltr'><strong>a</strong></span> 
     </span>
     <span class='ocr_line' id='line_1_23' title="bbox 226 1557 2244 1616; baseline 0 -13"><span class='ocrx_word' id='word_1_237' title='bbox 226 1561 433 1603; x_wconf 87' lang='lat' dir='ltr'><strong>Romanis</strong></span> <span class='ocrx_word' id='word_1_238' title='bbox 463 1558 645 1601; x_wconf 88' lang='lat' dir='ltr'><strong>vocales</strong></span> <span class='ocrx_word' id='word_1_239' title='bbox 678 1571 765 1601; x_wconf 92' lang='lat' dir='ltr'><strong>non</strong></span> <span class='ocrx_word' id='word_1_240' title='bbox 793 1557 918 1600; x_wconf 86' lang='lat' dir='ltr'><strong>facile</strong></span> <span class='ocrx_word' id='word_1_241' title='bbox 942 1560 1179 1614; x_wconf 82' lang='lat' dir='ltr'><strong>geminatas</strong></span> <span class='ocrx_word' id='word_1_242' title='bbox 1211 1558 1362 1613; x_wconf 85' lang='lat' dir='ltr'><strong>fuisse,</strong></span> <span class='ocrx_word' id='word_1_243' title='bbox 1394 1559 1574 1602; x_wconf 82' lang='lat' dir='ltr'><strong>formam</strong></span> <span class='ocrx_word' id='word_1_244' title='bbox 1603 1558 1856 1602; x_wconf 87' lang='lat' dir='ltr'><strong>breviorem</strong></span> <span class='ocrx_word' id='word_1_245' title='bbox 1888 1560 2091 1616; x_wconf 88' lang='lat' dir='ltr'><strong>longiore</strong></span> <span class='ocrx_word' id='word_1_246' title='bbox 2114 1560 2244 1603; x_wconf 89' lang='lat' dir='ltr'><strong>multo</strong></span> 
     </span>
     <span class='ocr_line' id='line_1_24' title="bbox 226 1618 2245 1680; baseline -0.001 -12"><span class='ocrx_word' id='word_1_247' title='bbox 226 1622 366 1680; x_wconf 88' lang='lat' dir='ltr'><strong>magis</strong></span> <span class='ocrx_word' id='word_1_248' title='bbox 398 1621 595 1665; x_wconf 86' lang='lat' dir='ltr'><strong>usitatam</strong></span> <span class='ocrx_word' id='word_1_249' title='bbox 627 1618 762 1664; x_wconf 78' lang='lat' dir='ltr'><strong>fuisse</strong></span> <span class='ocrx_word' id='word_1_250' title='bbox 798 1621 1103 1665; x_wconf 89' lang='lat' dir='ltr'><strong>concesserim.</strong></span> <span class='ocrx_word' id='word_1_251' title='bbox 1166 1619 1287 1665; x_wconf 88' lang='lat' dir='ltr'><strong>Licet</strong></span> <span class='ocrx_word' id='word_1_252' title='bbox 1318 1621 1449 1679; x_wconf 89' lang='lat' dir='ltr'><strong>igitur</strong></span> <span class='ocrx_word' id='word_1_253' title='bbox 1488 1619 1684 1666; x_wconf 90' lang='lat' dir='ltr'><strong>omnibus</strong></span> <span class='ocrx_word' id='word_1_254' title='bbox 1717 1620 1829 1666; x_wconf 88' lang='lat' dir='ltr'><strong>locis</strong></span> <span class='ocrx_word' id='word_1_255' title='bbox 1871 1634 1966 1666; x_wconf 90' lang='lat' dir='ltr'><strong>eam</strong></span> <span class='ocrx_word' id='word_1_256' title='bbox 1998 1623 2245 1678; x_wconf 88' lang='lat' dir='ltr'><strong>restituere,</strong></span> 
     </span>
     <span class='ocr_line' id='line_1_25' title="bbox 226 1682 2245 1744; baseline -0 -15"><span class='ocrx_word' id='word_1_257' title='bbox 226 1685 380 1744; x_wconf 88' lang='lat' dir='ltr'><strong>quibus</strong></span> <span class='ocrx_word' id='word_1_258' title='bbox 412 1683 623 1727; x_wconf 89' lang='lat' dir='ltr'><strong>librorum</strong></span> <span class='ocrx_word' id='word_1_259' title='bbox 663 1684 911 1726; x_wconf 88' lang='lat' dir='ltr'><strong>auctoritate</strong></span> <span class='ocrx_word' id='word_1_260' title='bbox 945 1683 1199 1727; x_wconf 84' lang='lat' dir='ltr'><strong>vindicatur.</strong></span> <span class='ocrx_word' id='word_1_261' title='bbox 1254 1682 1513 1741; x_wconf 86' lang='lat' dir='ltr'><strong>Quamquam</strong></span> <span class='ocrx_word' id='word_1_262' title='bbox 1551 1698 1606 1728; x_wconf 87' lang='lat' dir='ltr'><strong>ne</strong></span> <span class='ocrx_word' id='word_1_263' title='bbox 1642 1683 1742 1728; x_wconf 83' lang='lat' dir='ltr'><strong>libri</strong></span> <span class='ocrx_word' id='word_1_264' title='bbox 1782 1684 1951 1742; x_wconf 88' lang='lat' dir='ltr'><strong>quidem</strong></span> <span class='ocrx_word' id='word_1_265' title='bbox 1991 1684 2071 1728; x_wconf 91' lang='lat' dir='ltr'><strong>hac</strong></span> <span class='ocrx_word' id='word_1_266' title='bbox 2112 1686 2156 1727; x_wconf 90' lang='lat' dir='ltr'><strong>in</strong></span> <span class='ocrx_word' id='word_1_267' title='bbox 2195 1699 2245 1728; x_wconf 89' lang='lat' dir='ltr'><strong>re</strong></span> 
     </span>
     <span class='ocr_line' id='line_1_26' title="bbox 228 1743 2248 1804; baseline -0 -13"><span class='ocrx_word' id='word_1_268' title='bbox 228 1748 330 1791; x_wconf 85' lang='lat' dir='ltr'><strong>satis</strong></span> <span class='ocrx_word' id='word_1_269' title='bbox 368 1745 518 1789; x_wconf 91' lang='lat' dir='ltr'><strong>idonei</strong></span> <span class='ocrx_word' id='word_1_270' title='bbox 549 1749 683 1788; x_wconf 86' lang='lat' dir='ltr'><strong>testes</strong></span> <span class='ocrx_word' id='word_1_271' title='bbox 722 1743 869 1788; x_wconf 87' lang='lat' dir='ltr'><strong>haberi</strong></span> <span class='ocrx_word' id='word_1_272' title='bbox 903 1743 1081 1800; x_wconf 89' lang='lat' dir='ltr'><strong>debent,</strong></span> <span class='ocrx_word' id='word_1_273' title='bbox 1122 1746 1193 1803; x_wconf 89' lang='lat' dir='ltr'><strong>qui</strong></span> <span class='ocrx_word' id='word_1_274' title='bbox 1235 1744 1363 1789; x_wconf 89' lang='lat' dir='ltr'><strong>multa</strong></span> <span class='ocrx_word' id='word_1_275' title='bbox 1404 1747 1744 1789; x_wconf 84' lang='lat' dir='ltr'><strong>contractionum</strong></span> <span class='ocrx_word' id='word_1_276' title='bbox 1784 1746 1985 1804; x_wconf 88' lang='lat' dir='ltr'><strong>exempla</strong></span> <span class='ocrx_word' id='word_1_277' title='bbox 2022 1745 2248 1804; x_wconf 88' lang='lat' dir='ltr'><strong>praebent,</strong></span> 
     </span>
     <span class='ocr_line' id='line_1_27' title="bbox 227 1805 2249 1867; baseline -0 -15"><span class='ocrx_word' id='word_1_278' title='bbox 227 1815 337 1867; x_wconf 81' lang='lat' dir='ltr'><strong>q&#39;uae</strong></span> <span class='ocrx_word' id='word_1_279' title='bbox 373 1807 669 1851; x_wconf 89' lang='lat' dir='ltr'><strong>Romanorum</strong></span> <span class='ocrx_word' id='word_1_280' title='bbox 710 1805 880 1850; x_wconf 89' lang='lat' dir='ltr'><strong>auribus</strong></span> <span class='ocrx_word' id='word_1_281' title='bbox 922 1813 1043 1850; x_wconf 89' lang='lat' dir='ltr'><strong>certe</strong></span> <span class='ocrx_word' id='word_1_282' title='bbox 1084 1807 1257 1850; x_wconf 83' lang='lat' dir='ltr'><strong>fuerunt</strong></span> <span class='ocrx_word' id='word_1_283' title='bbox 1301 1808 1452 1850; x_wconf 91' lang='lat' dir='ltr'><strong>aliena.</strong></span> <span class='ocrx_word' id='word_1_284' title='bbox 1519 1807 1747 1865; x_wconf 87' lang='lat' dir='ltr'><strong>Postquam</strong></span> <span class='ocrx_word' id='word_1_285' title='bbox 1789 1821 1901 1851; x_wconf 88' lang='lat' dir='ltr'><strong>vero</strong></span> <span class='ocrx_word' id='word_1_286' title='bbox 1939 1808 2121 1851; x_wconf 88' lang='lat' dir='ltr'><strong>Romani</strong></span> <span class='ocrx_word' id='word_1_287' title='bbox 2161 1821 2249 1851; x_wconf 90' lang='lat' dir='ltr'><strong>non</strong></span> 
     </span>
     <span class='ocr_line' id='line_1_28' title="bbox 227 1867 2248 1928; baseline -0.001 -13"><span class='ocrx_word' id='word_1_288' title='bbox 227 1874 282 1916; x_wconf 86' lang='lat' dir='ltr'><strong>ita</strong></span> <span class='ocrx_word' id='word_1_289' title='bbox 316 1870 490 1915; x_wconf 85' lang='lat' dir='ltr'><strong>multum</strong></span> <span class='ocrx_word' id='word_1_290' title='bbox 523 1867 698 1913; x_wconf 87' lang='lat' dir='ltr'><strong>auribus</strong></span> <span class='ocrx_word' id='word_1_291' title='bbox 732 1868 857 1923; x_wconf 89' lang='lat' dir='ltr'><strong>dare,</strong></span> <span class='ocrx_word' id='word_1_292' title='bbox 893 1883 1016 1927; x_wconf 90' lang='lat' dir='ltr'><strong>quam</strong></span> <span class='ocrx_word' id='word_1_293' title='bbox 1051 1875 1285 1928; x_wconf 89' lang='lat' dir='ltr'><strong>praecepta</strong></span> <span class='ocrx_word' id='word_1_294' title='bbox 1318 1871 1691 1926; x_wconf 88' lang='lat' dir='ltr'><strong>grammaticorum</strong></span> <span class='ocrx_word' id='word_1_295' title='bbox 1725 1872 1846 1928; x_wconf 91' lang='lat' dir='ltr'><strong>sequi</strong></span> <span class='ocrx_word' id='word_1_296' title='bbox 1884 1876 2146 1928; x_wconf 86' lang='lat' dir='ltr'><strong>coeperunt,</strong></span> <span class='ocrx_word' id='word_1_297' title='bbox 2177 1871 2248 1928; x_wconf 91' lang='lat' dir='ltr'><strong>qui</strong></span> 
     </span>
     <span class='ocr_line' id='line_1_29' title="bbox 229 1930 2247 1989; baseline -0.001 -13"><span class='ocrx_word' id='word_1_298' title='bbox 229 1934 439 1976; x_wconf 86' lang='lat' dir='ltr'><strong>rationem</strong></span> <span class='ocrx_word' id='word_1_299' title='bbox 479 1932 583 1973; x_wconf 88' lang='lat' dir='ltr'><strong>artis</strong></span> <span class='ocrx_word' id='word_1_300' title='bbox 623 1930 828 1987; x_wconf 90' lang='lat' dir='ltr'><strong>quandam</strong></span> <span class='ocrx_word' id='word_1_301' title='bbox 875 1933 1000 1974; x_wconf 89' lang='lat' dir='ltr'><strong>vocis</strong></span> <span class='ocrx_word' id='word_1_302' title='bbox 1050 1932 1248 1974; x_wconf 87' lang='lat' dir='ltr'><strong>suavitati</strong></span> <span class='ocrx_word' id='word_1_303' title='bbox 1289 1931 1587 1989; x_wconf 85' lang='lat' dir='ltr'><strong>praeferrent,</strong></span> <span class='ocrx_word' id='word_1_304' title='bbox 1626 1933 1873 1989; x_wconf 87' lang='lat' dir='ltr'><strong>primariam</strong></span> <span class='ocrx_word' id='word_1_305' title='bbox 1920 1932 2033 1975; x_wconf 90' lang='lat' dir='ltr'><strong>illam</strong></span> <span class='ocrx_word' id='word_1_306' title='bbox 2066 1933 2247 1988; x_wconf 83' lang='lat' dir='ltr'><strong>genitivi</strong></span> 
     </span>
     <span class='ocr_line' id='line_1_30' title="bbox 227 1991 2248 2052; baseline -0 -15"><span class='ocrx_word' id='word_1_307' title='bbox 227 1995 409 2038; x_wconf 89' lang='lat' dir='ltr'><strong>formam</strong></span> <span class='ocrx_word' id='word_1_308' title='bbox 450 1993 632 2052; x_wconf 88' lang='lat' dir='ltr'><strong>primum</strong></span> <span class='ocrx_word' id='word_1_309' title='bbox 670 1991 828 2047; x_wconf 87' lang='lat' dir='ltr'><strong>literis,</strong></span> <span class='ocrx_word' id='word_1_310' title='bbox 873 1992 1028 2037; x_wconf 89' lang='lat' dir='ltr'><strong>deinde</strong></span> <span class='ocrx_word' id='word_1_311' title='bbox 1066 2006 1181 2036; x_wconf 90' lang='lat' dir='ltr'><strong>voce</strong></span> <span class='ocrx_word' id='word_1_312' title='bbox 1221 1994 1277 2036; x_wconf 92' lang='lat' dir='ltr'><strong>ita</strong></span> <span class='ocrx_word' id='word_1_313' title='bbox 1325 1995 1648 2050; x_wconf 84' lang='lat' dir='ltr'><strong>consignarunt,</strong></span> <span class='ocrx_word' id='word_1_314' title='bbox 1690 2000 1733 2037; x_wconf 90' lang='lat' dir='ltr'><strong>ut</strong></span> <span class='ocrx_word' id='word_1_315' title='bbox 1769 1993 1953 2038; x_wconf 92' lang='lat' dir='ltr'><strong>brevior</strong></span> <span class='ocrx_word' id='word_1_316' title='bbox 1997 2006 2084 2038; x_wconf 89' lang='lat' dir='ltr'><strong>non</strong></span> <span class='ocrx_word' id='word_1_317' title='bbox 2122 1993 2248 2051; x_wconf 92' lang='lat' dir='ltr'><strong>plane</strong></span> 
     </span>
     <span class='ocr_line' id='line_1_31' title="bbox 229 2052 1670 2113; baseline -0.001 -13"><span class='ocrx_word' id='word_1_318' title='bbox 229 2056 545 2100; x_wconf 85' lang='lat' dir='ltr'><strong>obliteraretur.</strong></span> <span class='ocrx_word' id='word_1_319' title='bbox 610 2052 675 2097; x_wconf 84' lang='lat' dir='ltr'><strong>Cf.</strong></span> <span class='ocrx_word' id='word_1_320' title='bbox 705 2053 820 2098; x_wconf 84' lang='lat' dir='ltr'><strong>Kritz</strong></span> <span class='ocrx_word' id='word_1_321' title='bbox 853 2054 1097 2112; x_wconf 90' lang='lat' dir='ltr'><strong>Prolegom.</strong></span> <span class='ocrx_word' id='word_1_322' title='bbox 1133 2055 1185 2099; x_wconf 88' lang='lat' dir='ltr'><strong>ad</strong></span> <span class='ocrx_word' id='word_1_323' title='bbox 1213 2054 1368 2111; x_wconf 85' lang='lat' dir='ltr'><strong>Vellej.</strong></span> <span class='ocrx_word' id='word_1_324' title='bbox 1399 2069 1469 2113; x_wconf 90' lang='lat' dir='ltr'><strong>pg.</strong></span> <span class='ocrx_word' id='word_1_325' title='bbox 1504 2054 1670 2099; x_wconf 83' lang='lat' dir='ltr'><strong>CXXII.</strong></span> 
     </span>
    </p>

    <p class='ocr_par' dir='ltr' id='par_1_3' title="bbox 229 2114 2256 2798">
     <span class='ocr_line' id='line_1_32' title="bbox 418 2114 2250 2176; baseline 0.001 -18"><span class='ocrx_word' id='word_1_326' title='bbox 418 2116 472 2159; x_wconf 89' lang='lat' dir='ltr'><strong>de</strong></span> <span class='ocrx_word' id='word_1_327' title='bbox 507 2129 557 2159; x_wconf 91' lang='lat' dir='ltr'><strong>re</strong></span> <span class='ocrx_word' id='word_1_328' title='bbox 596 2114 775 2173; x_wconf 89' lang='lat' dir='ltr'><strong>publica.</strong></span> <span class='ocrx_word' id='word_1_329' title='bbox 840 2115 914 2159; x_wconf 87' lang='lat' dir='ltr'><strong>Sic</strong></span> <span class='ocrx_word' id='word_1_330' title='bbox 945 2116 1058 2160; x_wconf 90' lang='lat' dir='ltr'><strong>liber</strong></span> <span class='ocrx_word' id='word_1_331' title='bbox 1094 2116 1288 2160; x_wconf 90' lang='lat' dir='ltr'><strong>omnibus</strong></span> <span class='ocrx_word' id='word_1_332' title='bbox 1320 2116 1417 2161; x_wconf 90' lang='lat' dir='ltr'><strong>fere</strong></span> <span class='ocrx_word' id='word_1_333' title='bbox 1453 2117 1562 2160; x_wconf 89' lang='lat' dir='ltr'><strong>locis</strong></span> <span class='ocrx_word' id='word_1_334' title='bbox 1605 2119 1835 2176; x_wconf 87' lang='lat' dir='ltr'><strong>inscriptus</strong></span> <span class='ocrx_word' id='word_1_335' title='bbox 1875 2124 1962 2172; x_wconf 85' lang='lat' dir='ltr'><strong>est,</strong></span> <span class='ocrx_word' id='word_1_336' title='bbox 1997 2116 2146 2175; x_wconf 74' lang='lat' dir='ltr'><strong>quibus</strong></span> <span class='ocrx_word' id='word_1_337' title='bbox 2176 2117 2250 2160; x_wconf 89' lang='lat' dir='ltr'><strong>vel</strong></span> 
     </span>
     <span class='ocr_line' id='line_1_33' title="bbox 229 2177 2252 2239; baseline -0.001 -15"><span class='ocrx_word' id='word_1_338' title='bbox 229 2179 281 2224; x_wconf 88' lang='lat' dir='ltr'><strong>ab</strong></span> <span class='ocrx_word' id='word_1_339' title='bbox 313 2181 408 2239; x_wconf 88' lang='lat' dir='ltr'><strong>ipso</strong></span> <span class='ocrx_word' id='word_1_340' title='bbox 426 2177 648 2222; x_wconf 86' lang='lat' dir='ltr'><strong>Cicerone</strong></span> <span class='ocrx_word' id='word_1_341' title='bbox 683 2177 820 2235; x_wconf 77' lang='lat' dir='ltr'><strong>(Brut.</strong></span> <span class='ocrx_word' id='word_1_342' title='bbox 836 2179 884 2222; x_wconf 93' lang='lat' dir='ltr'><strong>V.</strong></span> <span class='ocrx_word' id='word_1_343' title='bbox 927 2178 1033 2223; x_wconf 87' lang='lat' dir='ltr'><strong>Nam</strong></span> <span class='ocrx_word' id='word_1_344' title='bbox 1064 2179 1162 2223; x_wconf 91' lang='lat' dir='ltr'><strong>illos</strong></span> <span class='ocrx_word' id='word_1_345' title='bbox 1197 2178 1250 2223; x_wconf 91' lang='lat' dir='ltr'><strong>de</strong></span> <span class='ocrx_word' id='word_1_346' title='bbox 1286 2179 1520 2239; x_wconf 89' lang='lat' dir='ltr'><strong>republica</strong></span> <span class='ocrx_word' id='word_1_347' title='bbox 1553 2178 1689 2224; x_wconf 92' lang='lat' dir='ltr'><strong>libros</strong></span> <span class='ocrx_word' id='word_1_348' title='bbox 1723 2179 1903 2224; x_wconf 91' lang='lat' dir='ltr'><strong>edidisti.</strong></span> <span class='ocrx_word' id='word_1_349' title='bbox 1954 2178 2081 2223; x_wconf 89' lang='lat' dir='ltr'><strong>Tusc.</strong></span> <span class='ocrx_word' id='word_1_350' title='bbox 2104 2177 2138 2234; x_wconf 95' lang='grc' dir='ltr'><strong>Ι,</strong></span> <span class='ocrx_word' id='word_1_351' title='bbox 2169 2178 2252 2232; x_wconf 76' lang='lat'><strong>223</strong></span> 
     </span>
     <span class='ocr_line' id='line_1_34' title="bbox 230 2240 2251 2300; baseline 0 -14"><span class='ocrx_word' id='word_1_352' title='bbox 230 2243 285 2286; x_wconf 90' lang='lat' dir='ltr'><strong>de</strong></span> <span class='ocrx_word' id='word_1_353' title='bbox 319 2242 497 2286; x_wconf 82' lang='lat' dir='ltr'><strong>Divinat</strong></span> <span class='ocrx_word' id='word_1_354' title='bbox 534 2240 595 2296; x_wconf 93' lang='grc' dir='ltr'><strong>ΙΙ,</strong></span> <span class='ocrx_word' id='word_1_355' title='bbox 638 2240 689 2294; x_wconf 71' lang='grc'><strong>1,</strong></span> <span class='ocrx_word' id='word_1_356' title='bbox 739 2240 791 2284; x_wconf 88' lang='lat' dir='ltr'><strong>de</strong></span> <span class='ocrx_word' id='word_1_357' title='bbox 824 2241 925 2299; x_wconf 89' lang='lat' dir='ltr'><strong>Leg.</strong></span> <span class='ocrx_word' id='word_1_358' title='bbox 967 2241 1028 2299; x_wconf 89' lang='grc' dir='ltr'><strong>ΙΙ,</strong></span> <span class='ocrx_word' id='word_1_359' title='bbox 1072 2242 1151 2296; x_wconf 82' lang='lat'><strong>103</strong></span> <span class='ocrx_word' id='word_1_360' title='bbox 1193 2242 1245 2286; x_wconf 94' lang='lat' dir='ltr'><strong>de</strong></span> <span class='ocrx_word' id='word_1_361' title='bbox 1288 2241 1363 2286; x_wconf 85' lang='lat' dir='ltr'><strong>Off.</strong></span> <span class='ocrx_word' id='word_1_362' title='bbox 1401 2242 1461 2298; x_wconf 81' lang='lat'><strong>11,</strong></span> <span class='ocrx_word' id='word_1_363' title='bbox 1503 2242 1586 2298; x_wconf 82' lang='grc'><strong>17)</strong></span> <span class='ocrx_word' id='word_1_364' title='bbox 1627 2243 1702 2286; x_wconf 90' lang='lat' dir='ltr'><strong>vel</strong></span> <span class='ocrx_word' id='word_1_365' title='bbox 1739 2242 1791 2287; x_wconf 90' lang='lat' dir='ltr'><strong>ab</strong></span> <span class='ocrx_word' id='word_1_366' title='bbox 1829 2243 1924 2287; x_wconf 88' lang='lat' dir='ltr'><strong>aliis</strong></span> <span class='ocrx_word' id='word_1_367' title='bbox 1967 2241 2251 2300; x_wconf 82' lang='lat' dir='ltr'><strong>scriptoribus</strong></span> 
     </span>
     <span class='ocr_line' id='line_1_35' title="bbox 230 2301 2252 2363; baseline -0.001 -14"><span class='ocrx_word' id='word_1_368' title='bbox 230 2304 415 2361; x_wconf 83' lang='lat' dir='ltr'><strong>(Senec.</strong></span> <span class='ocrx_word' id='word_1_369' title='bbox 439 2302 518 2361; x_wconf 91' lang='lat' dir='ltr'><strong>Ep.</strong></span> <span class='ocrx_word' id='word_1_370' title='bbox 537 2302 650 2356; x_wconf 73' lang='lat'>1083</span> <span class='ocrx_word' id='word_1_371' title='bbox 686 2301 789 2346; x_wconf 88' lang='lat' dir='ltr'><strong>Plin.</strong></span> <span class='ocrx_word' id='word_1_372' title='bbox 812 2303 914 2348; x_wconf 88' lang='lat' dir='ltr'><strong>Hist.</strong></span> <span class='ocrx_word' id='word_1_373' title='bbox 938 2303 1029 2348; x_wconf 90' lang='lat' dir='ltr'><strong>Nat.</strong></span> <span class='ocrx_word' id='word_1_374' title='bbox 1054 2303 1261 2358; x_wconf 84' lang='lat' dir='ltr'><strong>Praefat.;</strong></span> <span class='ocrx_word' id='word_1_375' title='bbox 1295 2304 1505 2363; x_wconf 84' lang='lat' dir='ltr'><strong>Lamprid.</strong></span> <span class='ocrx_word' id='word_1_376' title='bbox 1521 2305 1652 2348; x_wconf 88' lang='lat' dir='ltr'><strong>Alex.</strong></span> <span class='ocrx_word' id='word_1_377' title='bbox 1668 2304 1824 2349; x_wconf 85' lang='lat' dir='ltr'><strong>Sever.</strong></span> <span class='ocrx_word' id='word_1_378' title='bbox 1843 2304 1919 2360; x_wconf 87' lang='lat'><strong>29,</strong></span> <span class='ocrx_word' id='word_1_379' title='bbox 1956 2304 2181 2361; x_wconf 77' lang='lat' dir='ltr'><strong>Aug-nstin.</strong></span> <span class='ocrx_word' id='word_1_380' title='bbox 2199 2304 2252 2347; x_wconf 91' lang='lat' dir='ltr'><strong>de</strong></span> 
     </span>
     <span class='ocr_line' id='line_1_36' title="bbox 231 2364 2250 2427; baseline -0.001 -15"><span class='ocrx_word' id='word_1_381' title='bbox 231 2366 360 2412; x_wconf 88' lang='lat' dir='ltr'><strong>Civit.</strong></span> <span class='ocrx_word' id='word_1_382' title='bbox 408 2365 492 2409; x_wconf 90' lang='lat' dir='ltr'><strong>Dei</strong></span> <span class='ocrx_word' id='word_1_383' title='bbox 525 2364 579 2419; x_wconf 93' lang='lat' dir='ltr'><strong>II,</strong></span> <span class='ocrx_word' id='word_1_384' title='bbox 615 2364 690 2419; x_wconf 82' lang='lat'><strong>10,</strong></span> <span class='ocrx_word' id='word_1_385' title='bbox 723 2365 768 2419; x_wconf 90' lang='grc'><strong>9,</strong></span> <span class='ocrx_word' id='word_1_386' title='bbox 802 2365 915 2421; x_wconf 87' lang='lat' dir='ltr'><strong>XIX,</strong></span> <span class='ocrx_word' id='word_1_387' title='bbox 951 2366 1022 2410; x_wconf 90' lang='lat'><strong>21.</strong></span> <span class='ocrx_word' id='word_1_388' title='bbox 1072 2366 1256 2410; x_wconf 91' lang='lat' dir='ltr'><strong>Lactant.</strong></span> <span class='ocrx_word' id='word_1_389' title='bbox 1284 2366 1351 2412; x_wconf 90' lang='lat' dir='ltr'><strong>De</strong></span> <span class='ocrx_word' id='word_1_390' title='bbox 1376 2366 1524 2427; x_wconf 85' lang='lat' dir='ltr'><strong>Opific.</strong></span> <span class='ocrx_word' id='word_1_391' title='bbox 1548 2367 1646 2411; x_wconf 89' lang='lat' dir='ltr'><strong>Div.</strong></span> <span class='ocrx_word' id='word_1_392' title='bbox 1674 2367 1742 2423; x_wconf 87' lang='lat'><strong>1‚)</strong></span> <span class='ocrx_word' id='word_1_393' title='bbox 1779 2367 1984 2411; x_wconf 86' lang='lat' dir='ltr'><strong>laudatur.</strong></span> <span class='ocrx_word' id='word_1_394' title='bbox 2032 2365 2250 2411; x_wconf 84' lang='lat' dir='ltr'><strong>Aristides</strong></span> 
     </span>
     <span class='ocr_line' id='line_1_37' title="bbox 231 2425 2253 2487; baseline -0.001 -15"><span class='ocrx_word' id='word_1_395' title='bbox 231 2429 370 2482; x_wconf 84' lang='lat' dir='ltr'><strong>Quint.</strong></span> <span class='ocrx_word' id='word_1_396' title='bbox 403 2427 457 2470; x_wconf 93' lang='lat' dir='ltr'><strong>de</strong></span> <span class='ocrx_word' id='word_1_397' title='bbox 494 2425 643 2470; x_wconf 84' lang='lat' dir='ltr'><strong>Music.</strong></span> <span class='ocrx_word' id='word_1_398' title='bbox 678 2425 716 2469; x_wconf 93' lang='lat'><strong>11</strong></span> <span class='ocrx_word' id='word_1_399' title='bbox 746 2440 815 2485; x_wconf 90' lang='lat' dir='ltr'><strong>pg.</strong></span> <span class='ocrx_word' id='word_1_400' title='bbox 850 2428 908 2471; x_wconf 90' lang='lat'><strong>69</strong></span> <span class='ocrx_word' id='word_1_401' title='bbox 948 2430 995 2472; x_wconf 81' lang='grc' dir='ltr'><strong>ἐν</strong></span> <span class='ocrx_word' id='word_1_402' title='bbox 1036 2431 1128 2480; x_wconf 82' lang='grc' dir='ltr'><strong><em>τοῖς·</em></strong></span> <span class='ocrx_word' id='word_1_403' title='bbox 1166 2428 1429 2487; x_wconf 76' lang='grc' dir='ltr'><em>Κικέρωνος·</em></span> <span class='ocrx_word' id='word_1_404' title='bbox 1468 2432 1544 2473; x_wconf 72' lang='grc' dir='ltr'><strong>τοῦ</strong></span> <span class='ocrx_word' id='word_1_405' title='bbox 1571 2427 1801 2487; x_wconf 69' lang='grc' dir='ltr'><em>Ῥωμαίου</em></span> <span class='ocrx_word' id='word_1_406' title='bbox 1844 2430 2090 2478; x_wconf 77' lang='grc' dir='ltr'><em>πολιτικοῖς.</em></span> <span class='ocrx_word' id='word_1_407' title='bbox 2163 2427 2253 2471; x_wconf 89' lang='lat' dir='ltr'><strong>Ita-</strong></span> 
     </span>
     <span class='ocr_line' id='line_1_38' title="bbox 234 2487 2252 2549; baseline 0 -14"><span class='ocrx_word' id='word_1_408' title='bbox 234 2506 315 2548; x_wconf 90' lang='lat' dir='ltr'><strong>que</strong></span> <span class='ocrx_word' id='word_1_409' title='bbox 353 2492 559 2547; x_wconf 85' lang='lat' dir='ltr'><strong>scriptum</strong></span> <span class='ocrx_word' id='word_1_410' title='bbox 595 2487 807 2543; x_wconf 87' lang='lat' dir='ltr'><strong>Suetonii,</strong></span> <span class='ocrx_word' id='word_1_411' title='bbox 840 2490 892 2532; x_wconf 88' lang='lat' dir='ltr'><strong>de</strong></span> <span class='ocrx_word' id='word_1_412' title='bbox 930 2504 1017 2548; x_wconf 92' lang='lat' dir='ltr'><strong>quo</strong></span> <span class='ocrx_word' id='word_1_413' title='bbox 1057 2504 1186 2548; x_wconf 88' lang='lat' dir='ltr'><strong>supra</strong></span> <span class='ocrx_word' id='word_1_414' title='bbox 1227 2491 1435 2545; x_wconf 87' lang='lat' dir='ltr'><strong>diximus,</strong></span> <span class='ocrx_word' id='word_1_415' title='bbox 1474 2491 1577 2548; x_wconf 82' lang='grc' dir='ltr'><em>περὶ</em></span> <span class='ocrx_word' id='word_1_416' title='bbox 1618 2495 1698 2549; x_wconf 83' lang='grc' dir='ltr'><strong>τῆς</strong></span> <span class='ocrx_word' id='word_1_417' title='bbox 1736 2491 1996 2548; x_wconf 77' lang='grc' dir='ltr'><em>Κικέρωνος·</em></span> <span class='ocrx_word' id='word_1_418' title='bbox 2031 2491 2252 2542; x_wconf 72' lang='grc' dir='ltr'><em>πολιτείας</em></span> 
     </span>
     <span class='ocr_line' id='line_1_39' title="bbox 234 2549 2252 2612; baseline -0 -17"><span class='ocrx_word' id='word_1_419' title='bbox 234 2552 321 2597; x_wconf 87' lang='lat' dir='ltr'><strong>fuit.</strong></span> <span class='ocrx_word' id='word_1_420' title='bbox 349 2578 404 2583; x_wconf 94' lang='lat'>—</span> <span class='ocrx_word' id='word_1_421' title='bbox 439 2549 536 2595; x_wconf 92' lang='lat' dir='ltr'><strong>Nec</strong></span> <span class='ocrx_word' id='word_1_422' title='bbox 563 2563 678 2594; x_wconf 84' lang='lat' dir='ltr'><strong>vero</strong></span> <span class='ocrx_word' id='word_1_423' title='bbox 714 2549 782 2594; x_wconf 89' lang='lat' dir='ltr'><strong>hic</strong></span> <span class='ocrx_word' id='word_1_424' title='bbox 817 2552 1193 2611; x_wconf 88' lang='lat' dir='ltr'><strong>praetermittenda</strong></span> <span class='ocrx_word' id='word_1_425' title='bbox 1228 2566 1378 2596; x_wconf 83' lang='lat' dir='ltr'><strong>eorum</strong></span> <span class='ocrx_word' id='word_1_426' title='bbox 1415 2551 1557 2597; x_wconf 81' lang='lat' dir='ltr'><strong>fabula</strong></span> <span class='ocrx_word' id='word_1_427' title='bbox 1588 2558 1669 2608; x_wconf 89' lang='lat' dir='ltr'><strong>est,</strong></span> <span class='ocrx_word' id='word_1_428' title='bbox 1705 2554 1775 2612; x_wconf 90' lang='lat' dir='ltr'><strong>qui</strong></span> <span class='ocrx_word' id='word_1_429' title='bbox 1805 2554 1848 2596; x_wconf 93' lang='lat' dir='ltr'><strong>in</strong></span> <span class='ocrx_word' id='word_1_430' title='bbox 1881 2550 2106 2610; x_wconf 84' lang='lat' dir='ltr'><strong>deperdito</strong></span> <span class='ocrx_word' id='word_1_431' title='bbox 2141 2551 2252 2596; x_wconf 86' lang='lat' dir='ltr'><strong>libro</strong></span> 
     </span>
     <span class='ocr_line' id='line_1_40' title="bbox 233 2612 2254 2674; baseline -0.001 -16"><span class='ocrx_word' id='word_1_432' title='bbox 233 2614 487 2658; x_wconf 90' lang='lat' dir='ltr'><strong>Walacbico</strong></span> <span class='ocrx_word' id='word_1_433' title='bbox 511 2612 726 2672; x_wconf 89' lang='lat' dir='ltr'><strong>quondam</strong></span> <span class='ocrx_word' id='word_1_434' title='bbox 750 2613 828 2657; x_wconf 85' lang='lat' dir='ltr'><strong>bos</strong></span> <span class='ocrx_word' id='word_1_435' title='bbox 860 2614 993 2658; x_wconf 87' lang='lat' dir='ltr'><strong>libros</strong></span> <span class='ocrx_word' id='word_1_436' title='bbox 1023 2614 1075 2658; x_wconf 91' lang='lat' dir='ltr'><strong>de</strong></span> <span class='ocrx_word' id='word_1_437' title='bbox 1094 2630 1143 2658; x_wconf 92' lang='lat' dir='ltr'><strong>re</strong></span> <span class='ocrx_word' id='word_1_438' title='bbox 1158 2614 1329 2674; x_wconf 90' lang='lat' dir='ltr'><strong>publica</strong></span> <span class='ocrx_word' id='word_1_439' title='bbox 1353 2615 1406 2658; x_wconf 89' lang='lat' dir='ltr'><strong>ad</strong></span> <span class='ocrx_word' id='word_1_440' title='bbox 1421 2615 1608 2659; x_wconf 89' lang='lat' dir='ltr'><strong>Atticum</strong></span> <span class='ocrx_word' id='word_1_441' title='bbox 1639 2617 1870 2672; x_wconf 86' lang='lat' dir='ltr'><strong>inscriptos</strong></span> <span class='ocrx_word' id='word_1_442' title='bbox 1905 2614 2039 2658; x_wconf 83' lang='lat' dir='ltr'><strong>fuisse</strong></span> <span class='ocrx_word' id='word_1_443' title='bbox 2070 2620 2254 2658; x_wconf 89' lang='lat' dir='ltr'><strong>narrant.</strong></span> 
     </span>
     <span class='ocr_line' id='line_1_41' title="bbox 235 2673 2256 2737; baseline -0 -18"><span class='ocrx_word' id='word_1_444' title='bbox 235 2674 299 2720; x_wconf 83' lang='lat' dir='ltr'><strong>Cf.</strong></span> <span class='ocrx_word' id='word_1_445' title='bbox 330 2675 512 2721; x_wconf 84' lang='lat' dir='ltr'><strong>Michael</strong></span> <span class='ocrx_word' id='word_1_446' title='bbox 556 2673 609 2720; x_wconf 86' lang='lat' dir='ltr'><strong>ab</strong></span> <span class='ocrx_word' id='word_1_447' title='bbox 649 2673 778 2719; x_wconf 87' lang='lat' dir='ltr'><strong>Isselt</strong></span> <span class='ocrx_word' id='word_1_448' title='bbox 816 2675 918 2720; x_wconf 92' lang='lat' dir='ltr'><strong>Hist.</strong></span> <span class='ocrx_word' id='word_1_449' title='bbox 959 2678 1022 2721; x_wconf 92' lang='lat' dir='ltr'><strong>sui</strong></span> <span class='ocrx_word' id='word_1_450' title='bbox 1063 2683 1189 2737; x_wconf 90' lang='lat' dir='ltr'><strong>temp.</strong></span> <span class='ocrx_word' id='word_1_451' title='bbox 1229 2691 1300 2737; x_wconf 90' lang='lat' dir='ltr'><strong>pg.</strong></span> <span class='ocrx_word' id='word_1_452' title='bbox 1332 2676 1446 2733; x_wconf 81' lang='lat'><strong>736,</strong></span> <span class='ocrx_word' id='word_1_453' title='bbox 1489 2676 1672 2721; x_wconf 82' lang='lat' dir='ltr'><strong>Mueller</strong></span> <span class='ocrx_word' id='word_1_454' title='bbox 1708 2676 2140 2735; x_wconf 75' lang='lat' dir='ltr'><strong>Septentrionaliache</strong></span> <span class='ocrx_word' id='word_1_455' title='bbox 2169 2675 2256 2719; x_wconf 78' lang='lat' dir='ltr'><strong>Hi—</strong></span> 
     </span>
     <span class='ocr_line' id='line_1_42' title="bbox 232 2738 1793 2798; baseline 0.001 -17"><span class='ocrx_word' id='word_1_456' title='bbox 232 2741 392 2782; x_wconf 74' lang='lat' dir='ltr'><strong>ston‘en</strong></span> <span class='ocrx_word' id='word_1_457' title='bbox 423 2753 474 2796; x_wconf 91' lang='lat' dir='ltr'><strong>ap</strong></span> <span class='ocrx_word' id='word_1_458' title='bbox 512 2738 754 2782; x_wconf 86' lang='lat' dir='ltr'><strong>Muennich.</strong></span> <span class='ocrx_word' id='word_1_459' title='bbox 784 2753 854 2796; x_wconf 89' lang='lat' dir='ltr'><strong>pg.</strong></span> <span class='ocrx_word' id='word_1_460' title='bbox 888 2739 957 2782; x_wconf 80' lang='lat'><strong>78.</strong></span> <span class='ocrx_word' id='word_1_461' title='bbox 1019 2739 1112 2793; x_wconf 84' lang='lat' dir='ltr'><strong>Qua</strong></span> <span class='ocrx_word' id='word_1_462' title='bbox 1148 2740 1203 2784; x_wconf 84' lang='lat' dir='ltr'><strong>de</strong></span> <span class='ocrx_word' id='word_1_463' title='bbox 1232 2754 1282 2783; x_wconf 92' lang='lat' dir='ltr'><strong>re</strong></span> <span class='ocrx_word' id='word_1_464' title='bbox 1316 2754 1445 2798; x_wconf 88' lang='lat' dir='ltr'><strong>supra</strong></span> <span class='ocrx_word' id='word_1_465' title='bbox 1474 2743 1560 2796; x_wconf 70' lang='lat' dir='ltr'><strong>§am</strong></span> <span class='ocrx_word' id='word_1_466' title='bbox 1597 2740 1793 2784; x_wconf 84' lang='lat' dir='ltr'><strong>diximus.</strong></span> 
     </span>
    </p>

    <p class='ocr_par' dir='ltr' id='par_1_4' title="bbox 235 2797 2259 3106">
     <span class='ocr_line' id='line_1_43' title="bbox 425 2797 2256 2862; baseline 0.001 -20"><span class='ocrx_word' id='word_1_467' title='bbox 425 2797 472 2842; x_wconf 88' lang='lat' dir='ltr'><strong>G.</strong></span> <span class='ocrx_word' id='word_1_468' title='bbox 505 2799 697 2846; x_wconf 82' lang='lat' dir='ltr'><strong>Duelius.</strong></span> <span class='ocrx_word' id='word_1_469' title='bbox 732 2798 807 2844; x_wconf 90' lang='lat' dir='ltr'><strong>Sic</strong></span> <span class='ocrx_word' id='word_1_470' title='bbox 838 2798 941 2844; x_wconf 93' lang='lat' dir='ltr'><strong>Cod.</strong></span> <span class='ocrx_word' id='word_1_471' title='bbox 978 2829 1030 2833; x_wconf 88' lang='lat'><strong>—</strong></span> <span class='ocrx_word' id='word_1_472' title='bbox 1067 2802 1133 2846; x_wconf 91' lang='lat' dir='ltr'><strong>De</strong></span> <span class='ocrx_word' id='word_1_473' title='bbox 1168 2803 1451 2862; x_wconf 85' lang='lat' dir='ltr'><strong>praenomine</strong></span> <span class='ocrx_word' id='word_1_474' title='bbox 1482 2800 1528 2846; x_wconf 89' lang='lat' dir='ltr'><strong>G.</strong></span> <span class='ocrx_word' id='word_1_475' title='bbox 1561 2801 1663 2847; x_wconf 84' lang='lat' dir='ltr'><strong>vide</strong></span> <span class='ocrx_word' id='word_1_476' title='bbox 1706 2801 1948 2846; x_wconf 89' lang='lat' dir='ltr'><strong>Schneider</strong></span> <span class='ocrx_word' id='word_1_477' title='bbox 1981 2801 2256 2847; x_wconf 63' lang='lat' dir='ltr'><strong>Elementor-</strong></span> 
     </span>
     <span class='ocr_line' id='line_1_44' title="bbox 235 2862 2254 2924; baseline -0 -16"><span class='ocrx_word' id='word_1_478' title='bbox 235 2865 351 2908; x_wconf 74' lang='lat' dir='ltr'><strong>lehre</strong></span> <span class='ocrx_word' id='word_1_479' title='bbox 386 2862 466 2905; x_wconf 85' lang='lat' dir='ltr'><strong>Bd.</strong></span> <span class='ocrx_word' id='word_1_480' title='bbox 501 2863 546 2917; x_wconf 90' lang='lat'><strong>1,</strong></span> <span class='ocrx_word' id='word_1_481' title='bbox 581 2877 652 2921; x_wconf 88' lang='lat' dir='ltr'><strong>pg.</strong></span> <span class='ocrx_word' id='word_1_482' title='bbox 685 2862 788 2908; x_wconf 88' lang='lat'><strong>232.</strong></span> <span class='ocrx_word' id='word_1_483' title='bbox 854 2864 992 2922; x_wconf 87' lang='lat' dir='ltr'><strong>ltaque</strong></span> <span class='ocrx_word' id='word_1_484' title='bbox 1031 2866 1144 2909; x_wconf 86' lang='lat' dir='ltr'><strong>bene</strong></span> <span class='ocrx_word' id='word_1_485' title='bbox 1176 2880 1214 2924; x_wconf 94' lang='lat' dir='ltr'><strong>p.</strong></span> <span class='ocrx_word' id='word_1_486' title='bbox 1250 2864 1393 2909; x_wconf 87' lang='lat' dir='ltr'><strong>Plane.</strong></span> <span class='ocrx_word' id='word_1_487' title='bbox 1429 2865 1511 2921; x_wconf 90' lang='lat'><strong>25,</strong></span> <span class='ocrx_word' id='word_1_488' title='bbox 1547 2869 1590 2921; x_wconf 85' lang='lat'><strong>§.</strong></span> <span class='ocrx_word' id='word_1_489' title='bbox 1622 2865 1683 2909; x_wconf 88' lang='grc'><strong>60</strong></span> <span class='ocrx_word' id='word_1_490' title='bbox 1715 2862 2021 2918; x_wconf 78' lang='lat' dir='ltr'><strong>ErnestiusC.</strong></span> <span class='ocrx_word' id='word_1_491' title='bbox 2056 2864 2254 2919; x_wconf 79' lang='lat' dir='ltr'><strong>restituit,</strong></span> 
     </span>
     <span class='ocr_line' id='line_1_45' title="bbox 235 2924 2256 2987; baseline -0 -17"><span class='ocrx_word' id='word_1_492' title='bbox 235 2926 515 2985; x_wconf 86' lang='lat' dir='ltr'><strong>plurimorum</strong></span> <span class='ocrx_word' id='word_1_493' title='bbox 544 2927 710 2969; x_wconf 83' lang='lat' dir='ltr'><strong>testium</strong></span> <span class='ocrx_word' id='word_1_494' title='bbox 734 2927 986 2969; x_wconf 88' lang='lat' dir='ltr'><strong>auctoritate</strong></span> <span class='ocrx_word' id='word_1_495' title='bbox 1008 2928 1143 2971; x_wconf 83' lang='lat' dir='ltr'><strong>fretus</strong></span> <span class='ocrx_word' id='word_1_496' title='bbox 1176 2926 1354 2987; x_wconf 76' lang='lat' dir='ltr'><strong>(Polyb.</strong></span> <span class='ocrx_word' id='word_1_497' title='bbox 1378 2927 1410 2983; x_wconf 93' lang='grc' dir='ltr'><strong>Ι,</strong></span> <span class='ocrx_word' id='word_1_498' title='bbox 1444 2927 1533 2986; x_wconf 76' lang='grc'><strong>21,</strong></span> <span class='ocrx_word' id='word_1_499' title='bbox 1555 2927 1647 2971; x_wconf 88' lang='lat' dir='ltr'><strong>Liv.</strong></span> <span class='ocrx_word' id='word_1_500' title='bbox 1672 2926 1781 2986; x_wconf 84' lang='lat' dir='ltr'><strong>Epit.</strong></span> <span class='ocrx_word' id='word_1_501' title='bbox 1807 2927 1881 2981; x_wconf 86' lang='grc'><strong>17,</strong></span> <span class='ocrx_word' id='word_1_502' title='bbox 1904 2925 2080 2983; x_wconf 88' lang='lat' dir='ltr'><strong>Eutrop.</strong></span> <span class='ocrx_word' id='word_1_503' title='bbox 2104 2924 2157 2981; x_wconf 89' lang='lat' dir='ltr'><strong>II,</strong></span> <span class='ocrx_word' id='word_1_504' title='bbox 2182 2925 2256 2980; x_wconf 85' lang='grc'><strong>10,</strong></span> 
     </span>
     <span class='ocr_line' id='line_1_46' title="bbox 238 2985 2259 3048; baseline 0 -18"><span class='ocrx_word' id='word_1_505' title='bbox 238 2987 387 3030; x_wconf 75' lang='lat' dir='ltr'><strong>Aurei.</strong></span> <span class='ocrx_word' id='word_1_506' title='bbox 408 2985 519 3048; x_wconf 68' lang='lat' dir='ltr'><strong>vict.</strong></span> <span class='ocrx_word' id='word_1_507' title='bbox 536 2985 635 3041; x_wconf 74' lang='lat'><strong>38),</strong></span> <span class='ocrx_word' id='word_1_508' title='bbox 659 3002 753 3032; x_wconf 91' lang='lat' dir='ltr'><strong>cum</strong></span> <span class='ocrx_word' id='word_1_509' title='bbox 779 2988 850 3032; x_wconf 91' lang='lat' dir='ltr'><strong>alii</strong></span> <span class='ocrx_word' id='word_1_510' title='bbox 876 2988 918 3031; x_wconf 95' lang='lat' dir='ltr'><strong>P.</strong></span> <span class='ocrx_word' id='word_1_511' title='bbox 938 2989 1190 3033; x_wconf 86' lang='lat' dir='ltr'><strong>scriberent.</strong></span> <span class='ocrx_word' id='word_1_512' title='bbox 1210 3016 1261 3021; x_wconf 85' lang='lat'><strong>——</strong></span> <span class='ocrx_word' id='word_1_513' title='bbox 1288 2989 1515 3034; x_wconf 83' lang='lat' dir='ltr'><strong>Ernestius</strong></span> <span class='ocrx_word' id='word_1_514' title='bbox 1535 2989 1655 3034; x_wconf 90' lang='lat' dir='ltr'><strong>Clav.</strong></span> <span class='ocrx_word' id='word_1_515' title='bbox 1679 2989 1766 3033; x_wconf 92' lang='lat' dir='ltr'><strong>Cic.</strong></span> <span class='ocrx_word' id='word_1_516' title='bbox 1792 2988 1878 3031; x_wconf 87' lang='lat' dir='ltr'><strong>Ind.</strong></span> <span class='ocrx_word' id='word_1_517' title='bbox 1896 2986 1998 3030; x_wconf 85' lang='lat' dir='ltr'><strong>Hist.</strong></span> <span class='ocrx_word' id='word_1_518' title='bbox 2025 3001 2056 3029; x_wconf 90' lang='lat' dir='ltr'><strong>s.</strong></span> <span class='ocrx_word' id='word_1_519' title='bbox 2075 3001 2115 3030; x_wconf 92' lang='lat' dir='ltr'><strong>v.</strong></span> <span class='ocrx_word' id='word_1_520' title='bbox 2149 2987 2259 3044; x_wconf 84' lang='lat' dir='ltr'><strong>„Di-</strong></span> 
     </span>
     <span class='ocr_line' id='line_1_47' title="bbox 240 3046 2259 3106; baseline 0 -14"><span class='ocrx_word' id='word_1_521' title='bbox 240 3050 349 3092; x_wconf 88' lang='lat' dir='ltr'><strong>citur</strong></span> <span class='ocrx_word' id='word_1_522' title='bbox 390 3053 431 3091; x_wconf 89' lang='lat' dir='ltr'><strong>et</strong></span> <span class='ocrx_word' id='word_1_523' title='bbox 460 3046 654 3092; x_wconf 89' lang='lat' dir='ltr'><strong>Duellius</strong></span> <span class='ocrx_word' id='word_1_524' title='bbox 677 3056 717 3092; x_wconf 89' lang='lat' dir='ltr'><strong>et</strong></span> <span class='ocrx_word' id='word_1_525' title='bbox 740 3050 913 3095; x_wconf 90' lang='lat' dir='ltr'><strong>Bellius.</strong></span> <span class='ocrx_word' id='word_1_526' title='bbox 966 3050 1067 3094; x_wconf 88' lang='lat' dir='ltr'><strong>ltem</strong></span> <span class='ocrx_word' id='word_1_527' title='bbox 1103 3051 1290 3095; x_wconf 82' lang='lat' dir='ltr'><strong>Billius.“</strong></span> <span class='ocrx_word' id='word_1_528' title='bbox 1327 3051 1454 3096; x_wconf 70' lang='lat' dir='ltr'><strong>,Idem</strong></span> <span class='ocrx_word' id='word_1_529' title='bbox 1491 3051 1585 3095; x_wconf 91' lang='lat' dir='ltr'><strong>Not.</strong></span> <span class='ocrx_word' id='word_1_530' title='bbox 1620 3051 1670 3094; x_wconf 73' lang='lat' dir='ltr'><strong>T.</strong></span> <span class='ocrx_word' id='word_1_531' title='bbox 1701 3051 1729 3094; x_wconf 90' lang='lat'><strong>1.</strong></span> <span class='ocrx_word' id='word_1_532' title='bbox 1763 3063 1830 3106; x_wconf 84' lang='lat' dir='ltr'><strong>pg.</strong></span> <span class='ocrx_word' id='word_1_533' title='bbox 1866 3048 1956 3094; x_wconf 82' lang='lat'><strong>576</strong></span> <span class='ocrx_word' id='word_1_534' title='bbox 1988 3049 2259 3105; x_wconf 83' lang='lat' dir='ltr'><strong>„(Duellius)</strong></span> 
     </span>
    </p>
   </div>
  </div>
 </body>
</html>
