2437 3299
2132 151 2185 194 13

170 259 334 302 omnino
382 260 623 316 nequeunt.“
707 262 795 305 Sed
839 263 945 305 haec
993 263 1202 305 sententia
1241 268 1285 304 ut
1326 264 1368 304 in
1410 262 1587 318 plurima
1636 261 1833 317 exempla
1881 258 2030 310 cadat,
2074 270 2183 313 quae

169 323 261 377 ipse
303 321 502 378 collegit,
548 329 686 367 tamen
727 326 770 367 in
802 325 884 367 alia
916 338 1004 367 non
1038 325 1094 366 ita
1139 322 1265 366 facile
1309 325 1523 367 convenit.
1589 323 1706 366 Unde
1750 325 1864 366 enim
1909 317 2183 364 dulcedinem

171 382 323 426 dictam
369 384 593 442 putamus?
647 385 836 429 Verbum
887 385 1041 428 dulceo
1091 397 1179 426 non
1230 390 1378 428 exstat.
1461 385 1503 427 A
1555 399 1637 442 quo
1690 384 1834 428 verbo'
1873 381 2073 440 gravedo
2119 386 2184 422 est

171 444 326 489 ducta?
359 445 431 490 Sic
467 446 635 490 facilius
669 446 855 490 fortasse
879 446 1039 490 formas
1060 447 1275 488 nominum
1306 446 1516 504 explices,
1551 461 1658 504 quae
1694 449 1734 488 in
1763 445 1953 505 syllabas
1983 444 2065 487 edo
2097 441 2182 485 de-

171 510 333 563 sinunt,
375 523 469 551 cum
517 508 683 552 vocalis
726 523 750 550 e
795 510 907 552 inter
955 514 1190 550 extremam
1228 507 1434 564 syllabam
1472 524 1521 552 ac
1565 511 1803 565 primariam
1844 510 1970 552 vocis
2014 512 2179 563 partem

169 571 485 623 intercesserit3
534 569 611 613 sed
658 575 934 627 praeceptum
985 581 1161 622 eorum7
1206 569 1276 627 qui
1322 569 1428 612 haec
1480 572 1648 612 nomina
1693 569 1742 611 ab
1785 570 2009 626 adJectivis
2052 568 2176 610 ducta

168 638 311 689 putant
352 631 576 688 (Krueger
605 631 653 673 T.
687 631 715 673 Ι.
757 644 827 687 pg.
861 630 966 685 327,
1010 630 1109 685 13),
1142 644 1228 673 non
1259 631 1315 673 ita
1346 630 1592 675 refellamus
1626 639 1816 688 oportet„
1851 640 1889 675 ut
1928 632 2175 690 opinionem

166 692 386 737 Heinrichi
436 691 773 749 comprobemus.
841 691 951 744 Quid
994 698 1133 735 autem
1180 698 1265 747 est,
1306 692 1420 750 quod
1460 696 1715 751 interpretes
1756 708 1879 737 unum
1921 693 2173 738 Tertulliani

168 754 410 810 exemplum
451 753 502 795 ad
543 753 774 796 lectionem
820 753 982 796 codicis
1023 752 1284 809 probandam
1318 754 1566 811 attulerunt,
1599 769 1692 796 cum
1732 756 1811 797 duo
1859 758 1963 812 apud
2001 756 2172 797 Lucre-

166 818 264 859 tium
299 816 584 859 inveniantur.
649 815 690 859 Is
721 817 834 859 enim
864 814 936 870 111,
978 814 1107 859 1007.

355 876 443 920 Sed
480 878 632 935 Tityos
669 877 793 922 nohis
827 878 895 921 hic
930 883 1010 932 est,
1044 878 1087 919 in
1121 890 1268 920 amore
1297 879 1511 932 ¹jacentem

354 938 489 990 Quem
522 938 726 981 volucres
760 939 951 982 lacerant
985 944 1110 996 atque
1147 943 1273 980 exest
1305 940 1457 980 anxius
1490 952 1639 993 angor,

354 1002 441 1045 Aut
473 1002 556 1045 alia
590 1003 739 1058 gravis
771 1001 966 1045 scindunt
995 998 1219 1058 turpedine
1247 1014 1389 1044 curae.

165 1134 236 1187 VI,
254 1133 323 1176 24.
350 1132 563 1175 Veridicis
611 1134 740 1189 igitur
774 1136 974 1191 purgavit
1005 1140 1183 1191 pectora
1215 1133 1336 1177 dictis

348 1193 401 1239 Et
429 1193 554 1238 finem
588 1198 730 1241 statuit
761 1196 996 1255 turpedinis
1030 1201 1154 1254 atque
1189 1196 1365 1240 timoris.

162 1260 343 1318 Bygom.
384 1256 563 1314 Krarup.
604 1258 629 1300 l.
664 1273 699 1302 c.
731 1273 800 1316 pg.
835 1259 874 1302 9.
934 1259 1008 1302 Sic
1038 1260 1151 1302 enim
1182 1257 1489 1302 Wakefieldins
1540 1266 1580 1302 et
1618 1259 1877 1303 Eichstadius
1920 1262 2158 1304 ediderunt,

163 1336 258 1366 cum
298 1319 472 1365 codices
523 1319 692 1378 quidam
729 1321 817 1365 illic
857 1322 1086 1379 turpidine,
1134 1320 1203 1363 hic
1261 1322 1484 1378 turpidinis
1526 1320 1736 1366 haberent.
1808 1322 2007 1366 Nimirum
2052 1323 2158 1366 haec

163 1385 272 1428 dicta
323 1382 622 1439 lexicographi
669 1385 841 1428 silentio
892 1384 1291 1441 praetermiserant,
1346 1386 1416 1441 qui
1474 1384 1662 1442 quidem,
1712 1392 1754 1428 ut
1801 1385 1921 1429 nobis
1971 1386 2157 1428 homun-

162 1447 292 1501 culis,
338 1447 399 1489 sic
449 1446 574 1489 etiam
629 1445 885 1491 doctissimis
937 1444 1173 1504 quibusque
1216 1444 1435 1490 doctrinae
1494 1448 1655 1505 copiam
1695 1447 1875 1505 henigne
1922 1447 2156 1491 recludunt.

162 1508 208 1552 Si
250 1522 359 1552 vero
402 1507 681 1563 vocabulum,
717 1509 830 1567 quod
862 1511 1002 1552 rarius
1022 1509 1195 1565 legitur,
1230 1514 1272 1551 et
1297 1508 1406 1566 apud
1428 1512 1705 1568 antiquiorem
1735 1513 1985 1567 scriptorem
2020 1512 2153 1552 inve—

162 1574 274 1616 nitur
296 1578 337 1616 et
366 1587 389 1615 a
409 1573 655 1615 recentiore
677 1571 858 1630 quodam
873 1577 1118 1629 usurpatum
1149 1575 1228 1626 est,
1266 1569 1457 1616 dubitare
1493 1586 1577 1616 non
1602 1573 1713 1625 licet„
1748 1575 1843 1632 quin
1871 1573 1909 1616 id
1943 1586 2153 1632 nunquam

160 1636 201 1677 in
233 1634 520 1678 Romanorum
567 1648 766 1677 sermone
800 1634 925 1691 plane
959 1633 1196 1678 obsoletum
1238 1632 1377 1677 fuerit.
