2437 3299
2153 154 2184 198 9

186 258 232 299 Iu
263 259 477 313 scriptura
507 261 572 299 est
604 255 870 298 archaismus
901 269 983 311 pro
1023 257 1218 299 Duillius.
1282 259 1445 301 Deinde
1482 262 1583 316 quia
1614 261 1773 304 clarum
1804 265 1888 314 est,
1927 273 2021 304 esee
2051 261 2182 303 intel-

183 319 388 374 liqendum
418 318 525 373 eum,
556 320 629 376 qui
653 318 815 374 primus
846 317 984 360 classe
1014 319 1114 360 vicit
1146 318 1527 375 Carmaqmienses,
1558 321 1815 367 scribendum
1842 324 1929 380 fuit
1962 322 2005 366 C.
2038 322 2184 366 Duel-

183 381 239 423 lio
271 385 400 438 atque
426 384 489 424 sic
521 380 670 424 edidi.“
714 377 838 430 Quod
869 378 1080 436 quomodo
1118 379 1404 424 nobilissimus
1438 385 1507 424 vir
1534 382 1805 440 Judicaverit,
1838 385 2035 443 equidem
2069 399 2184 443 per-

184 444 356 500 spicere
372 457 459 487 non
478 455 667 500 possum.
699 439 807 484 Num
825 439 1019 486 Duellios
1040 442 1203 498 putavit
1233 445 1480 499 superiores
1503 444 1710 501 homineS,
1729 446 1910 493 Duillios
1936 454 2075 493 autem
2098 462 2180 492 re-

185 506 404 548 centiores
426 502 629 562 quosdam
650 502 885 560 appellatos
908 502 1040 544 esse?
1069 502 1193 553 Quod
1222 506 1258 545 si
1283 506 1434 558 statuit,
1458 518 1540 562 quo
1564 513 1754 564 tempore
1778 513 2046 552 mutationem
2069 511 2179 552 hanc

184 567 337 610 factam
360 564 643 610 arbitremur?
665 563 737 606 An
753 578 864 607 vero
881 578 1005 607 unam
1020 565 1202 608 nominis
1218 564 1394 609 formam
1417 573 1552 610 aetate
1577 567 1798 613 Ciceronis
1823 574 2037 617 exstitisse
2054 572 2181 628 judi-—

186 630 314 683 cavit,
342 632 491 686 postea
520 639 632 669 vero
666 625 767 669 duas
798 627 840 668 in
870 625 1220 669 consuetudinem
1247 628 1438 682 venisse,
1468 641 1574 684 quae
1606 643 1629 672 a
1660 630 1840 674 librariis
1865 646 2176 692 saepenumero

186 688 581 733 confunderentur?
625 688 852 745 Antiquam
874 702 973 731 esse
995 687 1175 730 formam
1197 687 1392 743 Duillius,
1417 703 1510 731 cum
1531 704 1589 733 ex
1611 705 1688 734 usu
1713 696 1958 750 scriptorum
1974 695 2175 740 Graeco—

185 765 292 805 rum,
307 757 391 794 tum
408 764 464 793 ex
482 750 601 793 fastis
618 747 867 807 Capitolinis
885 748 1169 805 intelligimus.
1204 747 1350 806 Sigon.
1367 749 1419 792 ad
1435 749 1524 793 Liv.
1543 750 1594 806 Π,
1611 752 1690 806 58;
1706 753 1914 799 Drakenb.
1932 757 1982 800 ad
1998 758 2022 800 l.
2038 757 2174 810 eund3

185 812 393 856 Tschuck.
428 812 480 856 ad
514 811 687 870 Eutrop.
721 810 773 867 Η,
804 810 868 855 20
898 825 967 870 pg.
1006 811 1105 855 109.
1168 810 1259 854 Nec
1294 811 1472 855 dubitari
1505 819 1658 870 potest,
1693 818 1788 873 quin
1821 819 1855 861 is
1889 819 1969 862 hoc
2002 822 2174 864 nomine

184 877 238 919 sit
267 875 517 934 appellatuS,
557 876 626 932 qui
666 888 748 917 una
787 887 882 916 cum
915 873 958 916 L.
989 872 1160 932 Papirio
1196 872 1355 917 Crasso
1389 875 1649 919 consulatum
1684 881 1822 933 gessit.
1862 880 1947 924 Cic.
1978 882 2027 924 ad
2061 883 2172 926 Fam.

181 937 255 992 IX,
290 937 365 991 21,
398 937 438 979 2.
504 936 608 979 Nam
648 936 694 978 Κ.
727 936 892 979 Duilius
932 938 975 978 in
1014 936 1150 980 Fastis
1195 934 1502 980 Consularibus
1542 939 1781 995 appellatur.
1846 942 1906 985 Cf.
1950 943 2079 986 Orell.
2120 945 2171 988 ad

182 997 275 1042 Cic.
307 998 331 1042 l.
372 1011 431 1051 c.3
471 997 638 1041 Ernest.
678 996 770 1040 Not.
814 996 859 1039 T.
901 996 965 1052 11,
999 1010 1093 1055 pag.
1135 998 1204 1041 74.
1259 997 1457 1040 Attamen
1499 997 1586 1041 Cic.
1630 999 1738 1043 Orat.
1781 1002 1847 1045 45.
1903 1004 2037 1061 „Quid
2073 1019 2176 1048 vero

181 1063 393 1113 licentius,
431 1075 556 1117 quam
595 1062 705 1116 quod
737 1060 942 1102 hominum
978 1062 1106 1102 etiam
1137 1063 1305 1102 nomina
1332 1061 1654 1115 contrahebant,
1693 1078 1770 1119 quo
1806 1072 1941 1108 essent
1974 1069 2176 1124 aptiora?

183 1122 292 1166 Nam
322 1126 368 1165 ut
406 1122 583 1166 duellum
624 1121 769 1165 bellum
803 1125 845 1164 et
878 1122 972 1164 duis
998 1121 1082 1175 bic,
1116 1123 1178 1164 sic
1212 1121 1422 1164 Duellium
1449 1135 1562 1176 eum,
1595 1126 1664 1181 qm'
1695 1124 1851 1169 Poenos
1882 1127 2017 1171 classe
2049 1130 2173 1173 devi-

181 1187 260 1237 cit,
316 1185 494 1227 Bellium
539 1187 875 1236 nominaverunt,
927 1198 1021 1225 cum
1063 1187 1302 1239 super-[ores
1347 1185 1547 1239 appellati
1593 1192 1729 1228 essent
1777 1203 1932 1244 semper
1976 1191 2173 1234 Duellii.“

185 1245 304 1290 Unde
338 1243 595 1289 Ciceronem
635 1245 829 1289 videmus
862 1259 955 1288 cum
989 1246 1239 1303 superiores
1277 1244 1486 1300 homines,
1521 1251 1604 1290 tum
1634 1246 1928 1294 nobilissimum
1961 1253 2171 1296 victorem

183 1309 377 1351 Duellios
410 1322 607 1352 vocasse.
675 1307 822 1350 Simile
855 1314 941 1361 est,
978 1307 1091 1365 quod
1124 1307 1249 1350 docet
1283 1308 1419 1359 Quint.
1458 1308 1513 1351 de
1549 1308 1674 1352 Instit.
1717 1310 1824 1354 Orat.
1857 1312 1895 1366 Ι,
1933 1314 1961 1355 4
2007 1314 2123 1369 „Sed
2148 1315 2173 1356 b

182 1384 347 1428 quoque
376 1371 505 1414 aliam
532 1372 617 1413 cim
646 1370 828 1414 dedimus
861 1369 1109 1428 aliquando,
1147 1370 1256 1413 unde
1285 1369 1481 1413 Buri-hus
1520 1374 1561 1413 et
1593 1371 1754 1428 Bruges
1783 1377 1823 1416 et
1852 1374 2022 1418 Belena.
2084 1376 2174 1419 Nec

182 1446 265 1475 nou
304 1434 447 1475 eadem
484 1435 587 1487 fecit
623 1447 677 1474 ea:
717 1433 855 1474 duello
889 1432 1057 1484 bellum,
1097 1432 1207 1474 unde
1244 1433 1435 1474 Duellios
1477 1434 1637 1488 quidem
1675 1435 1809 1477 dicere
1841 1436 1997 1478 Bellica
2038 1439 2171 1479 ausiss

181 1493 325 1553 ltaque
357 1493 580 1539 Ernestius
614 1500 732 1538 recte
775 1492 858 1537 hoc
889 1507 1045 1537 nomen
1076 1491 1189 1537 Orat.
1223 1508 1260 1552 p.
1295 1492 1434 1537 Planc.
1468 1492 1543 1550 25,
1577 1494 1635 1538 60
1672 1497 1858 1552 restituit,
1905 1497 2098 1558 idemque
2131 1498 2174 1542 id

182 1559 317 1615 ipsum
367 1557 420 1599 de
460 1557 629 1599 Senect.
671 1556 728 1598 13
770 1556 957 1613 probare
997 1556 1161 1610 debuit,
1207 1558 1241 1599 si
1289 1557 1363 1598 vel
1404 1556 1557 1599 dictum
1596 1556 1812 1601 Ciceronis
1857 1567 2051 1616 spectare
2094 1562 2168 1603 vel

182 1620 459 1663 constantiam
482 1621 524 1662 in
549 1617 756 1675 ejusmodi
780 1615 908 1663 rebus
934 1632 1116 1666 servare
1150 1617 1371 1662 voluisset.
1418 1617 1569 1677 Neque
1598 1621 1706 1662 enim
1739 1619 1867 1663 libros
1901 1620 2070 1678 deesse,
2102 1625 2171 1682 qui

183 1683 234 1724 de
272 1681 442 1725 Senect..
477 1683 502 1724 l.
537 1696 571 1724 c.
606 1682 785 1724 formam
814 1680 972 1723 Duellii
1005 1680 1200 1735 habeant,
1233 1680 1499 1725 Facciolatus
1533 1689 1574 1724 et
1607 1682 1869 1726 Gernhardus
1902 1691 1943 1727 et
1975 1684 2167 1729 Isseinius

183 1758 233 1800 ap
273 1742 455 1787 Lambin.
528 1742 743 1786 Emendat.
786 1742 963 1785 Tullian.
1002 1756 1070 1800 pg.
1105 1741 1194 1786 543
1227 1748 1442 1793 testantur.
1515 1742 1601 1786 Sed
1645 1749 1776 1787 tamen
1823 1744 2093 1789 Gernhardus
2131 1753 2174 1790 et

184 1805 422 1862 Madvigius
454 1806 714 1861 „Duelliuffl
744 1804 943 1847 scribunt.
993 1803 1193 1847 Ceterum
1211 1804 1312 1847 vide
1338 1803 1586 1847 Schneider.
1604 1806 1953 1849 Elementarlekre
1973 1822 2042 1864 pg.
2069 1807 2170 1851 228.

369 1867 610 1912 incendium
642 1866 754 1911 belli.
791 1866 875 1910 Sic.
911 1864 1014 1910 Cod.
1049 1865 1087 1910 2.
1125 1880 1199 1920 ιιι,
1234 1866 1310 1911 sed
1345 1866 1381 1911 1.
1414 1881 1463 1910 m.
1498 1881 1522 1911 e
1552 1867 1655 1911 belli.

370 1930 577 1971 avolsum.
596 1929 893 1985 Antiquiorem
915 1928 1022 1970 hanc
1048 1928 1226 1971 formam
1248 1928 1389 1971 codex
1422 1929 1531 1972 locis
1563 1942 1647 1971 non
1680 1931 1731 1972 ita
1765 1930 1898 1971 multis
1931 1929 2056 1972 habet
2080 1931 2170 1985 (Cf.

187 1989 644 2048 Maj.Consp.0tt10gr.
679 1990 893 2048 pg.354),
928 2004 1023 2033 cum
1055 1990 1127 2034 alii
1153 2004 1246 2033 eam
1263 1988 1465 2033 Ciceroni
1499 1992 1666 2034 omnino
1706 1990 1885 2033 reddant.
1906 1989 1967 2033 Cf.
1989 1990 2171 2035 Ellendt.

132 2105 134 2108 y
184 2052 364 2096 Praefat.
397 2053 448 2095 ad
484 2052 570 2096 Cic.
604 2053 717 2096 Brut.
750 2067 818 2110 pg.
855 2052 955 2104 XV3
988 2051 1169 2095 Freund.
1203 2052 1228 2096 l.
1266 2066 1299 2095 c.
1332 2067 1400 2110 pg.
1437 2053 1494 2096 14
1525 2059 1601 2096 etc.

367 2175 503 2219 isdem
543 2175 615 2220 Sic
655 2176 757 2221 Cod.
795 2176 824 2220 2
862 2190 990 2227 man,
1036 2175 1056 2222 1
1101 2190 1206 2219 man.
1260 2177 1373 2219 edem
1413 2188 1491 2235 per
1529 2175 1774 2235 aphaeresin
1812 2174 1943 2218 habet.
1989 2202 2040 2207 ——
2083 2175 2169 2220 Cic.

183 2239 295 2282 Orat.
329 2239 403 2293 47,
445 2239 543 2282 157.

1178 2300 1317 2356 „Idem
1351 2315 1520 2358 campus
1541 2299 1676 2351 habet,

182 2366 315 2420 inquit
345 2364 522 2407 Ennius:
554 2367 595 2406 et

1185 2423 1232 2465 In
1262 2425 1427 2481 templis
1458 2423 1589 2466 isdem

178 2486 384 2540 probavit.
448 2488 521 2540 At,
566 2487 732 2538 eisdem,
771 2490 866 2528 erat
908 2488 1066 2528 verine:
1104 2500 1182 2529 nec
1225 2491 1384 2540 tamen,
1420 2487 1583 2539 eisdem,
1639 2484 1827 2541 emmiu-3,
1861 2482 1988 2536 male,
2035 2497 2175 2526 sona—

186 2546 272 2601 bat,
305 2548 456 2591 iisdem.
496 2548 761 2604 [mpetratum
793 2551 857 2591 est
895 2561 923 2589 a
954 2548 1265 2602 consuetudine,
1297 2552 1343 2590 ut
1370 2561 1551 2605 pecca-re
1580 2546 1799 2590 suavitatis
1828 2556 1958 2585 causa
1989 2542 2171 2588 liceret.“

187 2607 281 2650 Non
317 2623 424 2667 opus
458 2610 555 2663 fuit,
597 2616 640 2652 ut
673 2609 833 2653 Cicero
869 2608 1018 2653 verbis
1052 2609 1162 2653 Enni
1196 2624 1317 2652 usum
1349 2609 1547 2667 loquendi
1581 2609 1690 2652 adeo
1717 2606 1936 2661 vulgarem
1968 2604 2174 2650 declara-

190 2675 277 2725 ret,
329 2676 372 2714 ut
406 2685 555 2716 omnes
589 2675 766 2731 poetae,
809 2673 879 2730 qui
913 2670 1080 2731 quidem
1117 2673 1243 2716 aetati
1282 2671 1530 2715 nobilissimi
1567 2670 1747 2714 oratoris
1787 2672 1906 2710 erant
1941 2670 2173 2724 conjuncti,

188 2732 347 2775 duabus
381 2734 561 2791 syllabis
600 2748 838 2792 pronomen
880 2734 1016 2778 isdem
1056 2735 1268 2778 efferrent.
1330 2734 1502 2789 Madvig
1545 2733 1627 2776 Lat.
1665 2730 1733 2774 Gr.
1768 2728 1839 2784 12,
1872 2728 1948 2784 84,
1979 2730 2019 2773 3.
2082 2731 2173 2775 Nec

188 2807 297 2837 vero
341 2796 378 2839 is
410 2796 503 2853 ipse
540 2797 763 2856 quidquam
793 2797 1020 2855 scripsisse
1049 2796 1255 2855 putandus
1296 2802 1382 2851 est,
1423 2809 1504 2853 quo
1547 2807 1671 2838 aures
1713 2792 1804 2846 ejus
1844 2790 2173 2837 offenderentur.

186 2854 333 2913 Itaque
372 2860 630 2916 recipiamus
663 2866 923 2903 contractum
957 2873 1195 2917 pronomen
1231 2865 1419 2917 oportet,
1455 2857 1691 2913 ubicunque
1726 2856 1769 2897 in
1800 2853 2023 2900 veteribus
2054 2855 2175 2900 libris

187 2917 428 2961 invenitur-.-
480 2919 545 2963 Cf.
585 2920 768 2964 Lambin.
806 2920 1023 2964 Emendat.
1057 2920 1233 2964 Tullian.
1272 2934 1340 2978 pg.
1372 2919 1482 2971 2563
1527 2918 1655 2961 Orell.
1686 2916 1737 2959 ad
1770 2915 1858 2959 Cic.
1889 2915 1966 2974 Ep.
1995 2917 2050 2960 ad
2077 2918 2176 2961 Div.

188 2976 280 3033 XII,
316 2979 388 3033 15,
423 2983 467 3035 5,
507 2982 601 3037 XV,
637 2981 679 3036 1,
714 2982 758 3037 2,
796 2983 911 3038 XVI,
942 2982 1017 3037 24,
1057 2982 1112 3026 ad
1154 2982 1201 3035 Q.
1232 2982 1363 3025 Fratr.
1395 2980 1427 3034 Ι,
1461 2980 1504 3035 2,
1536 2981 1585 3034 53
1625 2977 1803 3023 Ellendt.
1844 2978 1871 3022 l.
1904 2993 1961 3031 c.;
2002 2979 2054 3024 ad
2088 2978 2180 3024 Cic.

189 3038 242 3082 de
281 3039 393 3083 Orat.
426 3041 478 3095 ΙΙ,
503 3044 556 3098 ¹7,
589 3043 671 3096 303
703 3043 884 3087 Freund.
918 3044 942 3087 l.
967 3057 1003 3086 c.
1033 3057 1102 3102 pg.
1136 3043 1211 3099 23,
1243 3049 1328 3087 not.
1361 3042 1427 3086 19.
1911 3098 1933 3132 2
