2437 3299
2076 168 2128 213 ll

130 280 212 317 non
244 273 398 331 procul
435 275 670 331 scripserat
706 273 945 329 (Emendat.
987 266 1162 317 Tullian.
1208 288 1275 333 pg.
1320 278 1450 332 506),
1494 278 1606 334 quod
1635 276 1712 325 *illi
1756 275 1855 318 libri
1893 275 2035 333 aliqua
2068 290 2126 318 ex

126 342 249 394 parte
294 335 566 390 confirmant,
619 336 662 378 in
709 335 860 393 quibus
909 342 975 379 est
1021 336 1134 379 baad
1170 339 1328 393 procul.
1401 337 1682 396 Negationem
1728 337 1837 382 haud
1881 337 2128 395 Madvigius

129 396 284 455 Opusc.
325 398 371 440 T.
407 396 461 451 ΙΙ,
499 408 568 453 pg.
603 396 691 438 157
732 403 911 453 propter
947 402 1074 438 totam
1112 396 1198 439 loci
1236 399 1549 442 demonstrandi
1588 403 1793 443 rationem
1832 400 2040 457 postulat,
2084 401 2127 443 id

127 458 241 516 quod
275 459 409 504 Bakio
442 472 511 516 pg.
544 457 634 501 559
672 471 760 501 non
797 458 923 516 plane
964 456 1172 515 probavit.
1238 458 1624 505 Commemoremus
1659 461 1840 521 denique
1871 463 2126 520 scripturam

126 516 276 565 Franc.
313 520 474 575 Orioli,
509 520 689 564 hominis
720 519 918 576 Romani,
950 533 1074 577 quam
1098 521 1177 563 etsi
1208 520 1404 565 Osannus
1437 522 1649 580 probavit,
1681 537 1758 567 nos
1796 527 1969 568 omnino
2002 528 2127 583 sequi

127 595 214 627 non
250 586 494 643 possumus.
564 581 644 635 Qui
684 594 778 626 cum
818 581 1006 625 membra
1048 583 1252 626 orationis
1297 585 1360 626 sic
1406 584 1565 627 divisit:
1614 585 1764 627 Omitto
1803 587 2127 631 innumerabiles

126 649 257 697 viros,
287 658 462 701 qaorum
491 646 646 699 sinquti
661 656 663 659 ’
676 646 807 688 saluti
839 642 936 688 baie
973 646 1138 687 civitati
1172 647 1345 700 fuerant
1378 650 1421 688 et
1461 648 1531 702 qai
1565 651 1661 690 eant
1691 650 1842 702 procul
1873 649 1927 693 ab
1964 653 2126 694 aetatin

126 706 253 764 haiae
283 708 505 761 maneria,-
543 716 866 750 commemorare
903 719 975 749 eos
1013 705 1159 749 desino
1194 731 1247 737 -
1283 708 1514 751 sententias
1551 707 1773 763 relativas,
1816 724 1989 767 qaorum
2024 714 2124 755 sin-

124 770 289 825 quii...
331 776 388 823 et,
423 772 495 825 qai
523 774 621 811 sant
644 771 799 824 procat
832 793 885 799 ——
929 769 982 811 ad
1024 769 1348 811 innumerabiles
1388 772 1502 812 viros
1541 772 1632 826 pari
1668 771 1791 814 modo
1835 774 1991 828 retulit,
2025 789 2121 818 cum

126 831 248 890 prior
279 836 433 875 tantum
466 829 677 886 objectum
709 828 891 885 definiat,
916 829 1050 874 altera
1081 843 1192 873 vero
1225 836 1307 874 tam
1338 829 1391 873 ad
1422 842 1575 874 nomen
1612 831 1710 876 illud
1741 835 1962 890 pertineat,
1997 849 2121 894 quam

127 892 182 935 ad
214 893 435 935 relativam
466 893 829 944 enunciationem,
870 905 977 948 quae
1021 895 1261 934 antecessit.
1330 892 1446 934 Idem
1483 893 1618 935 verbo
1659 909 1990 940 commemorare
2031 903 2121 943 vim

127 953 334 1012 quandam
367 950 565 1009 attribuit,
602 964 696 997 cum
729 952 886 997 nullum
926 954 979 997 sit
1019 954 1059 997 ei
1095 951 1272 1012 pondus.
1345 951 1613 998 Pel-turbavit
1650 961 1782 999 autem
1815 969 1980 1002 omnem
2021 959 2120 1004 dicti

127 1021 342 1070 ornatum,
390 1017 433 1057 in
476 1016 560 1072 quo
603 1021 645 1056 et
683 1017 849 1071 copiam
892 1017 1096 1058 orationis
1145 1018 1356 1072 insignem
1410 1018 1553 1058 mirari
1594 1021 1730 1073 possis
1772 1026 1813 1061 et
1854 1023 2119 1076 praeclaram

126 1073 297 1123 dicendi
329 1077 664 1122 concinnitatem.
711 1075 907 1121 Osannus
938 1089 1048 1121 vero
1088 1077 1283 1135 neglexit
1323 1078 1431 1132 loci,
1475 1091 1595 1136 quem
1628 1078 1775 1134 adfert,
1809 1082 2119 1128 similitudinem

127 1150 165 1200 p.
197 1139 316 1184 Sext.
349 1140 425 1196 48,
461 1139 560 1182 101.
639 1140 692 1182 Ut
722 1144 867 1182 vetera
905 1141 1117 1196 exempla,
1162 1153 1337 1197 quorum
1375 1145 1438 1184 est
1478 1144 1599 1197 copia
1638 1144 1760 1197 dtqna
1799 1144 1920 1198 hujus
1959 1148 2120 1202 imperio·

124 1205 278 1259 yterio,
306 1203 552 1260 relinquam,
579 1211 683 1245 neve
712 1215 854 1246 eoram
890 1203 1084 1260 aliquem,
1115 1204 1188 1261 φη·
1219 1205 1378 1258 vivant,
1409 1205 1618 1248 nominem.
1657 1231 1707 1236 -

917 1373 1200 1442 Caput
1260 1374 1363 1428 11.

316 1514 428 1572 quod
460 1524 546 1557 non
580 1512 630 1557 ah
662 1513 726 1557 his
759 1519 922 1571 partum
954 1510 1326 1571 confirmatumque
1366 1515 1429 1556 sit.
1493 1512 1692 1557 Voculam
1732 1528 1835 1569 non,
1877 1517 1919 1558 in
1964 1515 2116 1560 codice

128 1578 347 1631 omissam,
393 1578 454 1620 sic
503 1577 659 1634 optime
697 1577 878 1619 restituit
919 1575 1074 1630 Maius,
1123 1574 1249 1632 idque
1292 1577 1428 1618 ceteri
1477 1576 1659 1632 editores
1696 1584 1863 1633 praeter
1902 1578 2117 1621 Moserum

126 1638 375 1697 probarunt,
410 1640 499 1696 qui:
529 1640 640 1696 qnod
668 1638 724 1682 ab
754 1638 820 1681 lois
849 1650 933 1681 non
965 1642 1099 1682 ortam
1115 1639 1299 1694 confirm,
1321 1639 1393 1693 sit,
1424 1637 1670 1682 emendavit.
1716 1637 1970 1683 Sententiam
2004 1654 2116 1683 vero

128 1702 306 1761 quisque
338 1702 534 1758 negantis
569 1714 668 1745 esse
700 1700 827 1744 facile
862 1702 1057 1744 senserit.
1095 1725 1148 1730 -
1181 1700 1311 1758 Atqui
1342 1700 1424 1744 duo
1459 1707 1552 1743 sunt
1582 1701 1678 1754 loci,
1712 1715 1814 1758 quos
1847 1703 1889 1743 in
1923 1703 2115 1745 relativis

128 1764 484 1807 enuntiationibus
510 1766 680 1820 negatio
715 1758 850 1820 possit
873 1770 1039 1817 tenere,
1072 1774 1195 1817 unuS,
1227 1776 1321 1806 cum
1356 1763 1494 1807 verbo
1517 1765 1706 1821 proxime
1736 1763 1958 1819 antecedit,
1992 1765 2115 1819 alter,

127 1835 210 1884 quo
235 1827 475 1884 pronomini
510 1827 745 1869 arctissime
776 1824 1022 1868 adnectitur.
1077 1823 1243 1883 Grysar
1284 1825 1458 1868 Theorte
1493 1827 1564 1868 des
1596 1825 1893 1867 Latein.Stile3
1927 1827 2115 1882 pg 647.

126 1889 269 1945 Atque
315 1889 386 1931 illa
440 1888 608 1945 quidem
652 1890 758 1931 ratio
806 1901 901 1929 cum
941 1888 1088 1944 primis
1136 1894 1261 1944 atque
1307 1889 1574 1943 gravissimis
1611 1889 1847 1944 praeceptis
1895 1890 2115 1941 convenit,

126 1957 235 2008 quae
267 1950 320 1993 de
357 1948 666 1993 vocabulorum
703 1947 854 1992 ordine
889 1948 1038 1992 audire
1071 1951 1388 1993 consuevimus.
1459 1949 1504 1992 Si
1539 1962 1645 1992 vero
1676 1951 1741 1992 vis
1776 1951 1900 1992 totius
1935 1956 2118 1993 senten-

125 2014 209 2056 tiae
242 2013 424 2066 tollitur,
459 2026 567 2070 quae
598 2012 779 2055 relativa
811 2017 890 2066 est,
925 2025 1060 2068 eaque
1096 2012 1271 2054 alteram
1305 2013 1553 2069 insequitur,
1583 2025 1660 2067 qua
1691 2013 1787 2053 item
1818 2017 1998 2067 negatur
2030 2012 2118 2055 ali—

125 2070 225 2132 quid
254 2088 370 2129 esse,
401 2075 650 2132 plerumque
685 2068 748 2128 lit,
785 2080 829 2117 ut
862 2074 1067 2131 particula
1101 2087 1288 2130 negans,
1321 2076 1481 2132 primo,
1525 2087 1604 2131 quo
1637 2079 1792 2131 potest,
1829 2073 1928 2117 loco
1971 2074 2117 2117 collo-

127 2143 242 2191 cata,
282 2151 375 2179 cum
415 2138 669 2194 pronomine
714 2138 754 2178 in
798 2147 924 2178 unum
967 2135 1222 2179 vocabulum
1263 2136 1566 2193 quodammodo
1607 2135 1826 2178 coalescat.
1895 2135 2041 2193 ltaque
2074 2139 2116 2179 in

126 2199 333 2255 ejusmodi
369 2198 679 2242 elocutionibus
705 2198 954 2255 plerumque
991 2211 1104 2241 voce
1135 2199 1234 2255 quin
1267 2203 1457 2254 utuntur,
1499 2212 1617 2256 quam
1643 2210 1697 2240 ex
1737 2199 1804 2254 qui
1845 2203 1887 2240 et
1917 2211 1971 2240 ne
2004 2212 2119 2241 con-

122 2263 310 2317 junctam
351 2273 451 2304 esse
487 2267 611 2319 patet.
687 2260 925 2303 Enimvero
964 2259 1112 2302 eadem
1155 2262 1262 2303 ratio
1304 2260 1454 2315 efficit,
1503 2266 1544 2302 ut
1591 2260 1718 2301 altera
1753 2272 1920 2315 quoque
1960 2262 2114 2302 vocula

124 2330 362 2379 pronomen
412 2324 635 2365 relativum
683 2330 893 2378 sequatur.
966 2322 1189 2379 Exempla,
1227 2337 1404 2379 quorum
1444 2326 1592 2378 ingens
1632 2327 1692 2364 est
1723 2320 1959 2376 multitudo,
2003 2337 2116 2366 non—

124 2383 238 2428 nulla
288 2384 477 2429 attulisse
520 2383 696 2442 Juvahit.
783 2382 871 2427 Cic.
919 2382 972 2426 de
1009 2383 1192 2427 Divinat.
1233 2383 1265 2439 Ι,
1306 2383 1353 2427 6:
1433 2384 1576 2441 „Quae
1615 2386 1677 2425 est
1721 2386 1858 2423 autem
1892 2396 1996 2437 qens
2043 2389 2117 2426 aut

122 2460 233 2502 qaae
278 2452 445 2500 civitas,
490 2462 598 2504 quae
651 2462 733 2490 non
789 2452 865 2489 aut
911 2449 1022 2489 eoetis
1067 2449 1270 2503 pecudum
1317 2452 1392 2490 aut
1415 2481 1574 2490 .......
1647 2445 1894 2487 moveatur.“
1964 2445 2025 2499 Π,
2076 2445 2120 2493 2.

131 2502 186 2552 Ut
245 2511 328 2553 nisi
378 2522 487 2566 quae
539 2522 672 2552 causa
734 2510 909 2565 gravior
974 2507 1226 2561 obstitisset,
1293 2510 1446 2552 uultum
1494 2506 1777 2564 philosophiae
1834 2506 1965 2549 locum
2025 2522 2119 2552 esee

119 2574 377 2626 pateremur,
417 2574 486 2628 qm·
525 2585 608 2614 non
652 2572 816 2613 Latinis
858 2572 992 2613 literis
1039 2572 1275 2613 illustratae
1319 2576 1495 2627 pateret.
1565 2568 1683 2621 Quod
1732 2582 1823 2610 cum
1862 2567 1920 2622 fit,
1966 2585 2119 2615 caussa

104 2643 213 2689 unon
251 2633 392 2685 adest,
425 2648 502 2676 cur
548 2634 654 2677 haec
692 2632 925 2676 verborum
968 2632 1195 2676 collocatio
1235 2639 1429 2687 mutetur,
1463 2633 1540 2675 etsi
1588 2644 1644 2674 ex
1683 2628 1816 2673 verbo
1862 2634 2118 2677 sententiae.

126 2701 236 2751 quae
251 2693 376 2738 habet
392 2696 679 2752 negationem,
696 2694 925 2737 infinitivus
948 2694 1105 2752 pendet
1119 2697 1241 2752 isque
1258 2695 1330 2735 vel
1346 2696 1490 2751 paucis
1507 2692 1682 2734 vocibus
1700 2692 1770 2733 vel
1794 2692 1919 2734 nullis
1935 2708 1960 2734 a
1977 2708 2120 2749 nega—

127 2758 242 2798 tione
260 2764 482 2813 separatus
499 2756 735 2801 estcimd
752 2756 916 2811 Div.11‚
935 2756 974 2799 6.
1012 2758 1142 2800 Natta
1162 2761 1225 2800 est
1244 2759 1389 2812 qratia
1405 2760 1539 2809 tanta,
1561 2768 1680 2811 qnam
1690 2766 1771 2796 non
1787 2758 1942 2810 capere
1956 2758 2119 2800 animus

113 2819 318 2860 ments-'in
341 2814 584 2876 mtpiendo
606 2822 753 2876 possit.
799 2818 912 2862 Laet.
931 2818 970 2861 6.
1005 2818 1125 2872 Quae
1144 2821 1251 2861 enim
1281 2820 1423 2861 domus
1452 2822 1536 2859 tam
1556 2816 1732 2868 stabilis,
1762 2821 1971 2871 qaaetam
1996 2820 2121 2873 firma

125 2879 279 2935 elicitas
300 2884 379 2937 eet,
400 2889 509 2937 qaae
538 2890 622 2924 non
654 2880 761 2924 odite
782 2886 908 2937 atque
935 2882 1123 2924 dissidiis
1149 2882 1340 2936 funditas
1353 2881 1489 2936 possit
1515 2879 1653 2920 everti.
1678 2874 1766 2919 Cic.
1792 2876 1846 2921 de
1870 2878 2012 2923 Divin.
2029 2879 2062 2934 Ι,
2080 2881 2117 2924 1.

109 2939 299 2983 Gentem
333 2944 495 2999 quidm
509 2969 512 2976 ‹
527 2944 687 2986 nuum
722 2945 841 2987 video
872 2955 1004 3000 neque
1040 2947 1126 2986 tam
1160 2942 1379 2985 humanam
1412 2945 1534 2997 atque
1563 2940 1727 2982 doctam
1755 2953 1889 2997 neque
1921 2946 2007 2985 tam
2036 2945 2122 2985 im-

125 3008 288 3044 manem
306 3008 489 3061 tamque
522 3005 771 3060 barbaram,
815 3018 925 3062 qaae
962 3018 1044 3051 non
1080 3006 1310 3061 siqnifieam‘
1342 3005 1489 3059 futura
1523 3005 1564 3045 et
1601 3016 1631 3044 a
1667 3002 1909 3059 quibusdam
1948 3006 2124 3063 intetuqi

119 3061 392 3121 praedimkyue
419 3075 551 3122 'pocae
570 3072 764 3110 censeat.
855 3067 936 3120 Qui
983 3067 1154 3125 quidem
1199 3066 1283 3110 loci
1328 3080 1420 3109 cum
1466 3078 1551 3108 non
1597 3064 1725 3109 mod-o
1780 3073 1959 3159 pgopter
2006 3083 2122 3114 con-
