2437 3299
207 645 304 678 uum
337 633 435 678 libri
468 633 717 690 Ciceronis,
756 632 905 692 quibus
943 634 1253 694 philosophiam
1287 633 1553 677 Graecorum
1585 632 1731 676 Latine
1765 635 2011 693 illustravit,
2046 652 2129 682 non

134 712 186 742 so
230 709 272 738 m
303 695 496 740 ubertate
522 712 681 752 rerum,
717 695 795 739 sed
827 698 952 739 etiam
979 699 1189 741 sermonis
1223 698 1437 752 elegantia
1471 709 1637 750 eorum,
1671 698 1741 754 qui
1772 697 1933 754 legunt,
1966 702 2128 746 animos

126 755 304 803 mirifice
332 762 485 802 tenere
507 772 558 802 ac
583 758 800 802 delectare
833 759 1013 816 possint,
1047 765 1133 802 tum
1155 759 1367 815 insignem
1393 763 1436 800 et
1466 757 1686 800 doctrinae
1713 760 1881 816 copiam
1913 767 1955 803 et
1977 762 2129 821 splen-

127 821 275 865 dorem
307 819 542 872 verborum
573 822 617 864 in
649 821 724 865 illo
763 832 897 878 opere
929 823 1150 876 miramur,
1193 834 1276 879 quo
1314 825 1504 863 naturam
1543 820 1609 863 rei
1641 818 1837 877 publicae
1877 830 2128 880 persecutus

124 888 200 927 est.
265 880 403 926 Habet
441 885 554 927 enim
590 883 705 927 illam
742 896 767 926 a
800 880 978 928 Graecis
1020 882 1290 939 doctoribus,
1333 895 1512 940 quorum
1553 883 1590 926 si
1634 895 1720 925 non
1754 884 1948 941 plurimi,
1987 892 2126 930 tamen

122 944 238 990 multi
272 944 422 989 eadem
451 945 504 989 de
537 938 587 989 re
622 947 898 1004 scripserunt.
963 945 1044 998 Qui
1079 947 1116 989 si
1147 945 1325 1003 reliquis
1357 946 1401 987 in
1436 942 1612 999 artibus,
1647 943 1796 1002 quibus
1832 959 2009 1004 operam
2044 948 2126 992 de—

123 1008 290 1062 derunt,
320 1008 468 1052 miram
490 1007 697 1067 quandam
729 1021 871 1052 rerum
902 1009 1086 1053 omnium
1121 1008 1412 1066 cognitionem
1444 1020 1495 1051 ac
1528 1006 1717 1051 divinum
1738 1008 1957 1066 ingenium
1990 1024 2127 1069 prae-

122 1071 336 1126 stiterunt,
376 1070 550 1115 civilem
592 1070 826 1114 doctrinam
866 1085 1002 1130 usque
1043 1071 1152 1115 adeo
1191 1070 1440 1125 coluerunt,
1480 1075 1524 1112 ut
1565 1071 1635 1127 qui
1675 1077 1838 1127 partem
1879 1074 1973 1128 eJus
2014 1086 2127 1116 nunc

119 1130 304 1187 tradant,
358 1139 591 1191 praecepta
637 1147 786 1177 eorum
839 1140 909 1177 aut
961 1140 1163 1192 repetere
1217 1132 1344 1191 plane
1401 1137 1470 1175 aut
1523 1132 1679 1175 imitari
1735 1132 1883 1177 saltem
1937 1134 2127 1179 videan-

117 1200 196 1238 tur.
263 1193 387 1247 Quod
426 1197 497 1254 qui
535 1194 690 1239 factum
726 1198 801 1252 sit,
838 1197 986 1240 mirari
1020 1209 1108 1239 non
1144 1195 1258 1239 licet.
1320 1192 1511 1253 Namque
1552 1195 1597 1237 in
1637 1199 1726 1238 toto
1764 1201 1975 1240 terrarum
2016 1196 2124 1241 orbe

116 1256 257 1302 nullus
286 1270 470 1317 unquam
503 1258 685 1317 populus
714 1258 814 1314 fuit,
847 1258 891 1302 in
924 1272 1008 1317 quo
1040 1264 1102 1302 tot
1133 1259 1331 1302 civitates
1367 1270 1464 1300 suas
1497 1270 1693 1314 quaeque
1727 1255 1851 1313 leges
1892 1265 2018 1317 atque
2049 1262 2123 1303 in-

117 1320 255 1362 stituta
285 1317 524 1376 habuerint,
556 1326 658 1378 quot
693 1320 793 1363 olim
825 1322 869 1363 in
901 1319 1084 1377 Graecia
1115 1318 1374 1373 floruerunt,
1411 1318 1541 1373 Asia,
1580 1317 1721 1374 Italia,
1760 1319 1907 1363 Sicilia
1940 1321 2121 1380 aliisque

114 1382 258 1438 terris,
282 1382 332 1426 in
364 1396 468 1441 quas
501 1381 681 1428 colonos
719 1380 876 1426 Graeci
907 1381 1185 1427 deduxerant.
1231 1379 1375 1439 Atque
1408 1381 1453 1423 in
1481 1379 1701 1439 plerisque
1735 1394 1882 1425 earum
1915 1382 2119 1442 deinceps

112 1443 227 1487 illam
250 1447 522 1488 mutationem
554 1445 707 1488 factam
730 1445 941 1500 videmus,
977 1459 1073 1502 qua,
1095 1457 1234 1500 regno
1252 1442 1433 1498 sublato,
1467 1444 1646 1500 primum
1669 1445 1892 1500 optimates
1928 1461 2119 1504 accepe-

112 1511 208 1550 runt
242 1507 481 1565 imperium,
512 1506 625 1566 quod
652 1520 953 1566 nonnunquam
981 1508 1026 1550 in
1058 1519 1291 1566 paucorum
1323 1504 1610 1563 degeneravit
1644 1504 1987 1564 dominationem,
2022 1508 2119 1552 dein

111 1569 246 1611 omnis
279 1575 469 1625 potestas
503 1571 547 1611 in
577 1570 780 1627 populum
806 1570 1007 1612 translata
1044 1576 1123 1622 est,
1155 1569 1295 1610 donec
1327 1569 1364 1609 is
1396 1574 1508 1609 tanta
1538 1566 1619 1610 sibi
1651 1568 1824 1611 indulsit
1858 1571 2117 1626 impotentia,

107 1635 151 1673 ut
173 1643 231 1673 ex
263 1632 447 1676 maxima
480 1645 625 1676 rerum
658 1629 979 1691 perturbatione
1012 1630 1207 1690 tyrannis
1244 1629 1443 1674 oriretur.
1487 1627 1622 1673 Erant
1654 1642 1764 1674 vero
1800 1631 1995 1676 civitates
2031 1645 2115 1676 non

106 1703 284 1749 paucae,
322 1706 431 1751 quae
469 1706 673 1736 summam
706 1707 851 1736 rerum
886 1695 1039 1751 partim
1070 1695 1167 1749 regi
1201 1693 1538 1746 concessissent,
1571 1694 1725 1748 partim
1761 1692 1974 1737 nobilibus
2007 1696 2116 1737 reli—

106 1755 312 1809 quissent,
345 1757 496 1812 partim
525 1757 581 1798 ita
610 1756 770 1813 populo
799 1755 1062 1810 tribuissent,
1089 1761 1132 1798 ut
1165 1760 1208 1798 et
1237 1752 1396 1810 gradus
1430 1760 1577 1798 essent
1610 1752 1824 1810 dignitatis
1858 1768 1940 1799 nec
1975 1755 2116 1800 liber-

103 1815 198 1858 tatis
233 1817 453 1875 quisquam
486 1829 648 1876 expers
683 1810 925 1861 haberetur.
977 1816 1096 1870 Quae
1128 1815 1297 1875 quidem
1320 1816 1636 1858 conversiones
1673 1829 1817 1858 rerum
1850 1816 2114 1874 publicarum

105 1889 198 1920 cum
230 1878 384 1922 eodem
416 1893 499 1921 nec
531 1879 658 1922 modo
691 1879 845 1922 fierent
873 1894 1015 1937 neque
1047 1886 1259 1936 tempore,
1294 1877 1450 1920 Graeci
1485 1877 1651 1934 singula
1685 1879 1917 1921 civitatium
1947 1894 2114 1935 genera

103 1938 214 1983 inter
247 1954 295 1985 se
331 1940 532 1986 facillime
567 1955 819 2001 comparare
851 1946 1103 2001 potuerunt,
1143 1941 1480 1999 quotiescunque
1524 1952 1671 1989 earum
1712 1945 1903 1984 naturam
1933 1944 2114 2001 perspi-

103 2013 205 2046 cere
249 2017 299 2046 ac
342 2004 490 2048 laudes
537 2011 580 2048 et
616 2007 720 2049 vitia
766 2005 1013 2061 intelligere
1060 2010 1155 2047 sunt
1194 2004 1347 2046 conati.
1420 2001 1643 2057 Accessit,
1692 2002 1805 2059 quod
1847 2018 1935 2047 non
1976 2006 2113 2049 solum

101 2072 366 2110 mercatores
410 2080 561 2110 eorum
601 2067 653 2111 ad
696 2080 842 2110 omnes
882 2065 1163 2110 barbarorum
1201 2070 1354 2121 gentes
1396 2069 1710 2119 commearunt,
1751 2079 1860 2123 quae
1902 2065 2114 2112 habebant

102 2123 280 2184 aliquam
314 2129 381 2172 rei
412 2127 610 2188 publicae
635 2128 829 2185 formam,
865 2127 942 2173 sed
975 2128 1045 2172 alii
1082 2128 1207 2171 etiam
1238 2132 1377 2171 terras
1412 2126 1575 2170 alienas
1611 2132 1737 2185 atque
1773 2135 1964 2172 remotas
1997 2132 2114 2188 peti-

101 2196 277 2244 verunt,
315 2192 359 2233 in
395 2190 546 2248 quihus
580 2193 743 2234 animos
778 2191 924 2235 studiis
958 2191 1032 2233 vel
1073 2189 1247 2232 erudire
1279 2189 1354 2231 vel
1389 2191 1515 2231 etiam
1555 2188 1777 2233 delectare
1810 2199 2000 2247 possent.
2066 2192 2109 2234 ln

101 2247 248 2305 quibus
280 2250 503 2296 itineribus
533 2265 679 2298 mores
713 2259 837 2311 atque
868 2253 1053 2297 instituta
1084 2251 1320 2295 incolarum
1342 2263 1500 2294 summa
1531 2250 1739 2294 industria
1776 2253 2107 2308 cognoscebant.

99 2307 241 2368 Itaque
276 2327 425 2359 omnes
456 2313 627 2370 Graeci,
662 2315 855 2358 doctrina
886 2315 1005 2358 civili
1033 2313 1246 2372 paullatim
1276 2312 1444 2367 eruditi,
1477 2319 1641 2356 mature
1676 2313 1729 2356 de
1765 2314 1895 2358 rebus
1928 2315 2105 2373 publicis

98 2372 344 2427 prudentius
377 2375 642 2433 Judicarunt,
687 2390 810 2435 quam
843 2376 1140 2436 sapientissimi
1173 2388 1285 2418 nunc
1317 2373 1530 2418 hominum
1563 2381 1812 2419 nostrorum
1846 2375 1992 2421 facere
2027 2390 2104 2420 so-

96 2430 199 2491 lent,
232 2450 287 2481 ne
320 2438 512 2499 reliquos
545 2452 950 2495 commemoremus,
990 2440 1035 2481 in
1068 2437 1217 2496 quibus
1251 2438 1423 2481 nescias
1450 2437 1671 2481 levitatem
1704 2441 1841 2495 magis
1877 2454 1929 2483 an
1962 2442 2104 2497 impu—

104 2493 269 2543 dentem
302 2501 516 2546 stultitiam
555 2504 736 2557 mirere,
771 2517 852 2559 qua
896 2502 948 2545 de
990 2507 1097 2545 statu
1137 2500 1320 2544 civitatis
1364 2505 1434 2543 aut
1474 2501 1518 2543 in
1560 2501 1729 2557 angulis
1762 2509 1995 2559 personent
2034 2507 2105 2546 aut

101 2554 268 2613 publice
302 2562 485 2608 audeant
518 2563 771 2608 declamare.
823 2563 951 2607 Docti
982 2574 1109 2617 vero,
1143 2574 1237 2604 cum
1269 2562 1314 2603 in
1347 2563 1580 2605 civitatium
1604 2569 1794 2606 naturam
1824 2565 2103 2620 inquirerent,

99 2618 144 2660 in
184 2633 431 2683 quacunque
470 2626 763 2684 disputationis
802 2632 923 2683 parte
964 2631 1118 2668 tantam
1166 2624 1420 2668 varietatem
1470 2624 1765 2682 exemplorum
1803 2623 2011 2669 habebant
2059 2632 2103 2670 et

101 2681 289 2740 copiam,
329 2692 482 2746 quanta
521 2693 620 2747 post
658 2700 862 2747 nusquam
903 2692 969 2729 est
1004 2692 1216 2730 terrarum
1259 2685 1535 2743 suppeditata.
1598 2685 1784 2742 Namque
1819 2685 1890 2728 illa
1929 2689 2099 2741 civitaS,

101 2753 223 2798 quam
253 2744 371 2793 Plato
404 2749 608 2795 arbitratu
643 2764 720 2796 suo
751 2755 980 2794 exstruere
1010 2763 1096 2793 nec
1124 2748 1177 2793 ad
1209 2750 1326 2793 vitae
1353 2748 1663 2793 similitudinem
1695 2746 1910 2792 adducere
1945 2749 2098 2803 voluit,

101 2807 280 2862 egregia
312 2808 433 2869 hujus
465 2826 567 2858 usus
604 2812 787 2857 ostendit
818 2811 996 2867 indicia,
1038 2825 1121 2870 quo
1150 2811 1362 2866 homines,
1395 2810 1523 2853 rebus
1545 2809 1722 2867 publicis
1756 2809 2098 2855 administrandis

101 2860 250 2924 dediti,
299 2876 494 2933 saepius,
533 2888 657 2934 quam
696 2876 913 2934 principes
948 2873 1300 2933 philosophorum
1343 2873 1564 2915 excellere
1614 2870 1765 2915 solent.
1835 2872 2098 2918 Aristoteles

99 2931 236 2973 autem
255 2932 441 2983 instituta
455 2944 623 2983 centum
645 2938 945 2997 quinquaginta
968 2943 1067 2982 octo
1088 2936 1254 2982 urbium
1275 2935 1480 2991 singulari
1501 2932 1610 2977 libro
1637 2932 1866 2994 descripsit
1889 2936 2097 2994 (Diogen.

98 2985 235 3032 Laert.
276 2993 325 3037 V.
361 2998 404 3054 1,
447 3000 552 3056 27);
592 3000 706 3044 idem
744 3001 827 3044 alio
867 3002 1027 3059 scripto
1070 3002 1193 3044 varia
1228 2999 1458 3042 civitatium
1498 3010 1664 3052 genera
1702 2997 1955 3054 illustravit,
1996 2999 2095 3043 ibid.

100 3047 217 3103 Quae
258 3068 352 3103 cum
383 3062 550 3121 singula
586 3062 816 3122 diligenter
852 3065 1156 3121 cognovisset,
1198 3060 1250 3108 de
1292 3060 1370 3106 hac
1411 3065 1500 3104 arte
1537 3058 1753 3118 disputans
1791 3074 1932 3120 neque
1966 3061 2095 3108 ullum
